=LDR  03720cam a2200565 i 4500
=001  004119883
=003  NNU
=005  20160415012002.0
=008  141208s2014\\\\ir\\\\\\\\\\\\000\0\per\\
=010  \\$a  2014310642
=040  \\$aDLC$beng$erda$cDLC$dTEF
=066  \\$c(3$c(4
=020  \\$a9786009103089
=020  \\$a6009103088
=035  \\$a(OCoLC)897946837
=037  \\$aLibrary of Congress -- Islamabad Overseas Office
=042  \\$alcode
=043  \\$aa-ir---
=050  \4$aDS289.7$b.J343 2014
=049  \\$aZYUU
=100  1\$6880-01$aJaʻfarī, Jaʻfar ibn Muḥammad,$d15th century,$eauthor.
=245  10$6880-02$aTavārīkh-i mulūk va anbiyāʼ-i mashhūr bih Tārīkh-i Jaʻfarī yā Tārīkh-i Kabīr, bakhsh-i tārīkh-i awlād-i Taymūr :$bvaqāyiʻ-i sālʹhā-yi 807 tā 850 Hijrī = Tawārix-i mulūk wa anbiyāʼ (The histories of kings and prophets) also known as Tārix-i Jaʻfarī or Tarix-i Kabīr, section the history of Timur's descendants : events of the years 807-850/1405-1447 /$ctaʼlīf-i Jaʻfar ibn Muḥammad Ḥasan Ḥusaynī maʻrūf bih "Jaʻfarī" ; muqaddamah va taṣḥīḥ-i Duktūr ʻAbbās Zaryāb Khūʼī ; bih ihtimām-i Nādir Muṭallibī Kāshānī.
=246  14$6880-03$aTārīkh-i awlād-i Taymūr az tavārīkh-i mulūk va anbiyāʼ
=246  15$aTawārix-i mulūk wa anbiyāʼ (The histories of kings and prophets) also known as Tārix-i Jaʻfarī or Tarix-i Kabīr, section the history of Timur's descendants :$bevents of the years 807-850/1405-1447
=250  \\$6880-04$aChāp-i avval.
=264  \1$6880-05$aQum :$bNashr-i Muvarrikh,$c2014.
=300  \\$a203 pages ;$c24 cm.
=336  \\$atext$2rdacontent
=337  \\$aunmediated$2rdamedia
=338  \\$avolume$2rdacarrier
=490  1\$6880-06$aGanjīnah-i Ḥusayn Bashārat barā-yi Pizhūhish dar farhang va tārīkh-i Yazd ;$v18
=546  \\$aIn Persian.
=650  \0$aTimurids$xHistory.
=600  00$aTimur,$d1336-1405.
=651  \0$aIran$xHistory$y1256-1500.
=700  1\$6880-07$aZaryab, Abbas,$eeditor.
=700  1\$6880-08$aMuṭṭalibī Kāshānī, Nādir,$ecompiler.
=740  0\$aTārīk̲h̲-i Kabīr.
=830  \0$6880-09$aGanjīnah-ʼi Ḥusayn Bashārat barā-yi pizhūhish dar farhang va tārīkh-i Yazd ;$v18.
=852  0\$aNNU$bBOBST$cMAIN$hDS289.7$i.J343 2014$p31142056547071
=880  1\$6100-01/(3/r$aجعفرى، جعفر بن محمد.
=880  10$6245-02/(3/r$aتواريخ ملوک و انبياء مشهور به تاريخ جعفرى يا تاريخ کبير، بخش تاريخ اولاد تيمور :$bوقايع سال‌هاى ٨٠٧ تا ٨٥٠ هجرى = Tawārix-i mulūk wa anbiyāʼ (The histories of kings and prophets) also known as Tārix-i Jaʻfarī or Tarix-i Kabīr, section the history of Timur's descendants : events of the years 807-850/1405-1447 /$cتأليف جعفر بن محمد حسن حسينى معروف به "جعفرى" ؛ مقدمه و تصحيح دکتور عباس زرياب خوئى ؛ به اهتمام نادر مطلبى کاشانى.
=880  14$6246-03/(3/r$aتاريخ اولاد تيمور از تواريخ ملوک و انبياء
=880  \\$6250-04/(4/r$aچاپ اول.
=880  \1$6264-05/(3/r$aقم :$bنشر مورخ،$c2014.
=880  1\$6490-06/(4/r$aگنجينه حسين بشارت براى پژوهش در فرهنگ و تاريخ يزد ؛$v18
=880  1\$6700-07/(3/r$aزرياب، عباس.
=880  1\$6700-08/(3/r$aمطلبى کاشانى، نادر.
=880  \0$6830-09/(4/r$aگنجىنۀ حسىن بشارت براى پژوهش در فرهنگ و تارىخ ىزد ؛$v18.
=994  \\$aC0$bTEF

