=LDR  03193cam a2200553 i 4500
=001  004119898
=003  NNU
=005  20160414020013.0
=008  150210s2014\\\\ir\\\\\\\c\\\\000\0\pero\
=010  \\$a  2015325001
=040  \\$aDLC$beng$erda$cDLC$dPUL$dTEF
=066  \\$c(3$c(4
=020  \\$a9786002202086
=020  \\$a6002202080
=035  \\$a(OCoLC)903248203
=037  \\$aLibrary of Congress -- Islamabad Overseas Office
=041  0\$aper$aara
=042  \\$alcode
=043  \\$aa-ir---
=050  \4$aZ955.I7$bI736 2014
=049  \\$aZYUU
=110  1\$6880-01$aIran.$bMajlis-i Shūrā-yi Islāmī.$bKitābkhānah, Mūzih va Markaz-i Asnād.
=245  10$6880-02$aKatībah-i avval-i fihrist-i nuskhahʹhā-yi khaṭṭī-i Ḥawzah-i ʻIlmīyah-i Dār al-Irshād-i Ardabīl /$cmudīrīyat-i Ḥawzah-i ʻIlmīyah-i Dār al-Irshād-i Ardabīl ; fihristʹnigār Ibrāhīm Mawlāyī ; vīrāstār, Kāzim Naẓarī Baqāʼ.
=246  17$6880-03$aFihrist-i nuskhahʹhā-yi khaṭṭī-i Ḥawzah-i ʻIlmīyah-i Dār al-Irshād-i Ardabīl
=264  \1$6880-04$aTihrān :$bKitābkhānah, Mūzih va Markaz-i Asnād-i Majlis-i Shūrā-yi Islāmī,$c1393 [2014 or 2015].
=300  \\$a225 pages, 27 unnumbered pages ;$c24 cm.
=336  \\$atext$btxt$2rdacontent
=337  \\$aunmediated$bn$2rdamedia
=338  \\$avolume$bnc$2rdacarrier
=490  0\$6880-05$aKatībah ;$v1
=546  \\$aIn Persian and Arabic.
=500  \\$aCover title.
=520  \\$aḤawzah-i ʻIlmīyah-i Dār al-Irshād-i Ardabīl. Library - Catalogs ; Manuscripts - Iran - Ardabīl - Catalogs ;Manuscripts, Arabic - Iran - Ardabīl - Catalogs ;Manuscripts, Persian - Iran - Ardabīl - Catalogs.
=610  20$6880-06$aḤawzah-i ʻIlmīyah-i Dār al-Irshād-i Ardabīl$vCatalogs.
=650  \0$aManuscripts$zIran$zArdabīl (Province)$vCatalogs.
=650  \0$aManuscripts, Arabic$zIran$zArdabīl (Province)$vCatalogs.
=650  \0$aManuscripts, Persian$zIran$zArdabīl (Province)$vCatalogs.
=700  1\$6880-07$aMawlāyī, Ibrāhīm.
=700  1\$6880-08$aNaẓarī Baqāʼ Kāzim,$eeditor.
=852  0\$aNNU$bBOBST$cMAIN$hZ955.I7$iI736 2014$p31142056547568
=880  1\$6110-01/(3/r$aارن.$bمجلس شوراى اسلامى.$bکتابخانه، موزه و مرکز اسناد.
=880  10$6245-02/(4/r$aکتيبه اول فهرست نسخه‌هاى خطى حوزه علميه دار الارشاد اردبيل /$cمديريت حوزه علميه دار الارشاد اردبيل ؛ فهرست‌نگار ابراهيم مولايى ؛ ويراستار، کازم نظرى بقاء.
=880  17$6246-03/(3/r$aفهرست نسخه‌هاى خطى حوزه علميه دار الارشاد اردبيل
=880  \1$6264-04/(3/r$aتهران :$bکتابخانه، موزه و مرکز اسناد مجلس شوراى اسلامى،$c1393 [2014 or 2015].
=880  0\$6490-05/(4/r$aکتيبه ؛$v1
=880  24$6610-06/(3/r$aحوزه عالمية دار الارشاد اردبىل.
=880  1\$6700-07/(3/r$aمولايى، ابراهيم.
=880  1\$6700-08/(3/r$aنظرى بقاء کازم.
=994  \\$aC0$bTEF

