=LDR  03092cam a2200505 i 4500
=001  004119899
=003  NNU
=005  20160414105352.0
=008  150210s2014\\\\ir\ad\\\\bsr\\001\0\per\\
=010  \\$a  2015325002
=040  \\$aDLC$beng$erda$cDLC$dOCLCO$dTEF
=066  \\$c(3$c(4
=020  \\$a9786007081228
=020  \\$a6007081222
=035  \\$a(OCoLC)903248204
=037  \\$aLibrary of Congress -- Islamabad Overseas Office
=042  \\$alcode
=043  \\$aa-ir---
=050  \4$aZ845.I7$bA853 2015
=049  \\$aZYUU
=245  00$6880-01$aAṭlas-i kitābkhānahʹhā-yi Ustān-i Alburz =$bAtlas of Alborz province libraries /$cKumītah-i ʻIlmī, Pizhūhishī-i Idārah-i Kull-i Kitābkhānahʹhā-yi ʻUmūmī-i Ustān-i Alburz ; padīdʹāvarandagān, Mahdī Asadī [and six others].
=246  1\$iTitle on page 4 of cover:$aAtlas of Alborz province libraries
=250  \\$6880-02$aChāp-i avval.
=264  \1$6880-03$aKaraj :$bIntishārāt-i Milird,$c1393 [2014].
=300  \\$a357 pages :$bcolor illustrations, color charts ;$c28 cm
=336  \\$atext$2rdacontent
=337  \\$aunmediated$2rdamedia
=338  \\$avolume$2rdacarrier
=490  0\$6880-04$aPadīdāvarān: Mahdī Asadī, Ṭayyibah Īmānīʹkiyā, Fāṭimah Bāqirī, Kāẓim Qāsimī, Parvīz Qarāguzlū, Ramaz̤ān ʻAlī Milirdī
=500  \\$aIncludes statistical tables.
=500  \\$a"Nihād-i Kitābkhānahʹhā-yi ʻUmūmī-i Kishvar,  Idārah-i Kull-i Kitābkhānahʹhā-yi ʻUmūmī-i Ustān-i Alburz"
=500  \\$a"Padīdāvarandagān: Mahdī Asadī, Ṭayyibah Īmānīʹkiyā, Fāṭimah Bāqirī, Kāẓim Qāsimī, Parvīz Qarāguzlū, Ramaz̤ān ʻAlī Milirdī"--Title page verso.
=504  \\$aIncludes bibliographical references (pages 345-347) and index.
=546  \\$aIn Persian.
=650  \0$aLibraries$zIran$zAlburz (Province)$vDirectories.
=700  1\$6880-05$aAsadī, Mahdī,$ecompiler.
=710  2\$6880-06$aNihād-i Kitābkhānahʹhā-yi ʻUmūmī-i Kishvar.$bIdārah-i Kull-i Kitābkhānahʹhā-yi ʻUmūmī-i Ustān-i Alburz.
=852  0\$aNNU$bBOBST$cMAIN$hZ845.I7$iA853 2015$p31142056547576
=880  00$6245-01/(3/r$aاطلس کتابخانه‌هاى استان البرز =$bAtlas of Alborz province libraries /$cکميته علمى، پژوهشى اداره کل کتابخانه‌هاى عمومى استان البرز ؛ پديد‌آورندگان، مهدى اسدى [و شش نفر ديگر].
=880  \\$6250-02/(4/r$aچاپ اول.
=880  \1$6264-03/(4/r$aکرج :$bانتشارات ملرد،$c1393 [2014].
=880  0\$6490-04/(4/r$aپدىداوران: مهدى اسدى، طيبه ايمانى‌کىا، فاطمه باقرى، کاظم قاسمى، پروىز قراگزلو، رمضان على ملردى
=880  1\$6700-05/(3/r$aاسدى، مهدى.
=880  2\$6710-06/(3/r$aنهاد کتابخانه‌هاى عمومى کشور.$bاداره کل کتابخانه‌هاى عمومى استان البرز.
=994  \\$aC0$bTEF

