=LDR  01381nam a2200361 i 4500
=001  004119907
=003  NNU
=005  20160414045426.0
=008  160414s2014\\\\ir\\\\\\\b\\\\000\0\per\d
=040  \\$aNNU$beng$erda$cTEF
=066  \\$c(3$c(4
=020  \\$a9789645424099$cprint
=020  \\$a9645424097$cprint
=035  \\$a(OCoLC)946653344
=050  \4$aBP135$b.M883 2014
=049  \\$aZYUU
=100  1\$6880-01$aMūsavīʹnasab, Muḥammad Kāẓim,$eauthor.
=245  10$6880-02$aTaṣḥīḥ va taʻvīz̤-i sanad /$cMuḥammad Kāẓim Mūsavīʹnasab.
=250  \\$6880-03$aChāp-i avval.
=264  \1$6880-04$aTihrān :$bIntishārāt-i Usvah,$c1393 [2014 or 2015].
=300  \\$a167 pages ;$c24 cm
=336  \\$atext$btxt$2rdacontent
=337  \\$aunmediated$bn$2rdamedia
=338  \\$avolume$bnc$2rdacarrier
=546  \\$aIn Persian.
=504  \\$aIncludes bibliographical references (pages 165-167).
=650  \0$aHadith$xCriticism, interpretation, etc.
=852  0\$aNNU$bBOBST$cMAIN$hBP135$i.M883 2014$p31142056547642
=880  1\$6100-01/(3/r$aموسوى‌نسب، محمد کاظم،$eauthor.
=880  10$6245-02/(3/r$aتصحىح و تعوىض سند /$cمحمد کاظم موسوى‌نسب.
=880  \\$6250-03/(4/r$aچاپ اول.
=880  \1$6264-04/(3/r$aتهران :$bانتشارات اسوه،$c1393 [2014 or 2015].
=994  \\$aC0$bTEF

