=LDR  02528cam a2200529 i 4500
=001  004119936
=003  NNU
=005  20160414031621.0
=008  150210s2014\\\\ir\h\\\\\b\\\\001\p\pero\
=010  \\$a  2015325054
=040  \\$aDLC$beng$erda$cDLC$dLGG$dTEF
=066  \\$c(3$c(4
=020  \\$a9789644014956
=020  \\$a9644014952
=035  \\$a(OCoLC)903248247
=037  \\$aLibrary of Congress -- Islamabad Overseas Office
=042  \\$alcode$alccopycat
=050  00$aPK6470.H5$bL39 2014
=049  \\$aZYUU
=100  1\$6880-01$aHilālī, Badr al-Dīn,$d-1528 or 1529,$eauthor.
=240  10$6880-02$aLaylī va Majnūn
=245  10$6880-03$aLaylī va Majnūn /$cBadr al-Dīn Hilālī Astarʹābādī Jughatāyī : bar pāyah-i nuskhah-i munḥaṣir bih fard mawjūd dar Kitābkhānah-i Millī-i Tabrīz ; [bih kūshish-i] Vajīhah Panāhī.
=246  3\$6880-04$aLaylī va Majnūn-i Badr al-Dīn Hilālī Astarʹābādī Jughatāyī
=246  3\$6880-05$aLaylá va Majnūn
=250  \\$6880-06$aChāp-i avval.
=264  \1$6880-07$aTihrān :$bZavvār,$c1393 [2014].
=300  \\$a240 pages :$bfacsimiles ;$c25 cm
=336  \\$atext$2rdacontent
=337  \\$aunmediated$2rdamedia
=338  \\$avolume$2rdacarrier
=500  \\$aA poem.
=504  \\$aIncludes bibliographical references (pages 227-238) and indexes.
=546  \\$aIn Persian.
=600  10$6880-08$aHilālī, Badr al-Dīn,$d-1528 or 1529.$tLaylī va Majnūn.
=650  \0$aPersian poetry$y16th century$xHistory and criticism.
=700  1\$6880-09$aPanāhī, Vajīhah,$d1980 or 1981-$eeditor.
=852  0\$aNNU$bBOBST$cMAIN$hPK6470.H5$iL39 2014$p31142056547865
=880  1\$6100-01/(3/r$aهلالى، بدر الدىن.
=880  10$6240-02/(3/r$aلىلى و مجنون
=880  10$6245-03/(3/r$aليلى و مجنون /$cبدر الدين هلالى استر‌آبادى جغتايى : بر پايه نسخه منحصر به فرد موجود در کتابخانه ملى تبريز ؛ [به کوشش] وجيهه پناهى.
=880  3\$6246-04/(3/r$aلىلى و مجنون بدر الدىن هلالى استر‌بادى جغتاىى
=880  3\$6246-05/(3/r$aلىلى و مجنون
=880  \\$6250-06/(4/r$aچاپ اول.
=880  \1$6264-07/(3/r$aتهران :$bزوار،$c1393 [2014].
=880  14$6600-08/(3/r$aهلالى، بدر الدىن.$tلىلى و مجنون.
=880  1\$6700-09/(4/r$aپناهى، وجىهه،$d1980 or 1981- ,$eeditor
=994  \\$aC0$bTEF

