=LDR  01115cam a2200337 a 4500
=001  004119951
=003  NNU
=005  20160415104205.0
=008  150213s2014\\\\ir\\\\\\\\\\\\000\f\per\\
=040  \\$aRAHAB$beng$cRAHAB$dOCLCF$dOCLCQ$dTEF
=066  \\$c(3$c(4
=035  \\$a(OCoLC)903408978
=050  \4$aPK6562.28.A3$bV37 2014
=049  \\$aZYUU
=100  1\$6880-01$aRād, ʻAṭiyih.
=245  10$6880-02$aVārūnigī /$cʻAṭiyih Rād.
=250  \\$6880-03$aChāp-i 1.
=260  \\$6880-04$aTihrān :$bNashr-i Chashmah,$c1393 [2014]
=300  \\$a124 pages ;$c22 cm
=336  \\$atext$btxt$2rdacontent
=337  \\$aunmediated$bn$2rdamedia
=338  \\$avolume$bnc$2rdacarrier
=546  \\$aIn Persian.
=650  \0$aPersian fiction.
=650  \7$aPersian fiction.$2fast$0(OCoLC)fst01058461
=852  0\$aNNU$bBOBST$cMAIN$hPK6562.28.A3$iV37 2014$p31142056548004
=880  1\$6100-01/(3/r$aراد، عطىه.
=880  10$6245-02/(3/r$aوارونگى /$cعطىه راد.
=880  \\$6250-03/(4/r$aچاپ 1.
=880  \\$6260-04/(3/r$aتهران :$bنشر چشمه،$c1393 [2014]
=994  \\$aC0$bTEF

