=LDR  02642cam a2200553 i 4500
=001  004149548
=003  NNU
=005  20160414125203.0
=008  150409s2014\\\\ir\a\\\\\\\\\\000\0bper\\
=010  \\$a  2015325188
=040  \\$aDLC$beng$erda$cDLC$dOCLCO$dTEF
=066  \\$c(3$c(4
=020  \\$a9789645282446
=020  \\$a9645282446
=035  \\$a(OCoLC)907133421
=037  \\$aLibrary of Congress -- Islamabad Overseas Office
=042  \\$alcode
=043  \\$aa-ir---
=050  \4$aP85.Q2375$bA3 2014
=049  \\$aZYUU
=100  1\$6880-01$aQarīb, Badr al-Zamān,$d1929 or 1930-$eauthor.
=245  10$6880-02$aZindagīʹnāmah va khadamāt-i ʻilmī va farhangī-i duktur Badr al-Zamān Qarīb =$bBiography & Academic life of Dr. B. Gharib /$cvirāstār-i Umīd Qanbarī.
=250  \\$6880-03$aChāp-i avval.
=264  \1$6880-04$aTihrān :$bAnjuman-i Ās̲ār va Mafākhir-i Farhangī,$c1393 [2014 or 2015].
=300  \\$a193 pages :$bcolor illustrations ;$c22 cm
=336  \\$atext$2rdacontent
=337  \\$aunmediated$2rdamedia
=338  \\$avolume$2rdacarrier
=490  1\$6880-05$aAnjuman-i Ās̲ār va Mafākhir-i Farhangī ;$v134
=520  \\$aQarīb, Badr al-Zamān, 1929 or 1930- ; Philologists - Iran - Biography.
=546  \\$aIn Persian.
=600  10$6880-06$aQarīb, Badr al-Zamān,$d1929 or 1930-
=650  \0$aAuthors, Persian$y20th century$vInterviews.
=650  \0$aAuthors, Persian$y20th century$vBiography.
=650  \0$aWomen authors, Iranian$y20th century$vBiography.
=700  1\$6880-07$aQanbarī, Umīd.
=710  2\$6880-08$aAnjuman-i Ās̲ār va Mafākhir-i Farhangī.
=830  \0$6880-09$aAnjuman-i Ās̲ār va Mafākhir-i Farhangī (Series) ;$v134.
=852  0\$aNNU$bBOBST$cMAIN$hP85.Q2375$iA3 2014$p31142056713640
=880  1\$6100-01/(3/r$aقرىب، بدر الزمان،$eauthor.
=880  10$6245-02/(3/r$aزندگى‌نامه و خدمات علمى و فرهنگى دکتر بدر الزمان قريب =$bBiography & Academic life of Dr. B. Gharib /$cوراستار اميد قنبرى.
=880  \\$6250-03/(4/r$aچاپ اول.
=880  \1$6264-04/(3/r$aتهران :$bانجمن آثار و مفاخر فرهنگى،$c1393 [2014 or 2015].
=880  1\$6490-05/(3/r$aانجمن آثار و مفاخر فرهنگى ؛$v134
=880  14$6600-06/(3/r$aقرىب، بدر الزمان.
=880  1\$6700-07/(3/r$aقنبرى، اميد.
=880  2\$6710-08/(3/r$aانجمن آثار و مفاخر فرهنگى.
=880  \0$6830-09/(3/r$aانجمن آثار و مفاخر فرهنگى (سلسله) ؛$v134.
=994  \\$aC0$bTEF

