=LDR  02331cam a2200529 i 4500
=001  004149551
=003  NNU
=005  20160414021337.0
=008  150414s2014\\\\ir\a\\\\\b\\\\000\0\per\\
=010  \\$a  2015325098
=040  \\$aDLC$beng$erda$cDLC$dOCLCO$dTEF
=066  \\$c(4$c(3
=020  \\$a9786003132320
=020  \\$a6003132329
=035  \\$a(OCoLC)939596317
=037  \\$bLibrary of Congress -- Islamabad Overseas Office
=041  1\$aper$hara
=042  \\$alcode
=050  \4$aR143$b.K576 2014
=049  \\$aZYUU
=100  1\$6880-01$aKirmānī, Muḥammad Karīm Khān,$d-1871 or 1872,$eauthor.
=240  10$6880-02$aḤaqāyiq al-ṭibb.$lPersian
=245  10$6880-03$aSharḥ va tarjumah-ʼi Ḥaqāyiq al-ṭibb :$buṣūl-i pizishkī-i sunnatī /$cmuʼallif, marḥūm Ḥājj Muḥammad Karīm Khān Kirmānī ; sharḥ va tajumah, Muḥammad Mihrānʹfar.
=246  30$6880-04$aḤaqāyiq al-ṭibb
=246  3\$6880-05$aḤaqāʼiq al-ṭibb
=250  \\$6880-06$aChāp-i avval.
=264  \1$6880-07$aTihrān :$bSafīr-i Ardihāl,$c1393 [2014 or 2015]
=300  \\$a362 pages :$billustrations ;$c23 cm.
=336  \\$atext$btxt$2rdacontent
=337  \\$aunmediated$bn$2rdamedia
=338  \\$avolume$bnc$2rdacarrier
=490  0\$6880-08$aMajmūʻah-i davā va darmān ;$v46
=500  \\$a"Shumārah-i nashr: 1-382"--Title page verso.
=504  \\$aIncludes bibliographical references (pages 361-362).
=520  \\$aMedicine, Arab - Early works to 20th century.
=546  \\$aIn Persian; translated from Arabic.
=650  \0$aMedicine, Arab.
=852  0\$aNNU$bBOBST$cMAIN$hR143$i.K576 2014$p31142056713657
=880  1\$6100-01/(4/r$aکرمانى، محمد کريم خان.
=880  10$6240-02/(3/r$aحقايق الطب.
=880  10$6245-03/(3/r$aشرح و ترجمۀ حقايق الطب :$bاصول پزشکى سنتى /$cمؤلف، مرحوم حاج محمد کريم خان کرمانى ؛ شرح و تجمه، محمد مهران‌فر.
=880  30$6246-04/(3/r$aحقايق الطب
=880  3\$6246-05/(3/r$aحقائق الطب
=880  \\$6250-06/(4/r$aچاپ اول.
=880  \1$6264-07/(3/r$aتهران :$bسفير اردهال،$c1393 [2014 or 2015].
=880  0\$6490-08/(3/r$aمجموعه دوا و درمان ؛$v46
=994  \\$aC0$bTEF

