=LDR  02925cam a2200529 i 4500
=001  004149553
=003  NNU
=005  20160414030800.0
=008  150414s2014\\\\ir\h\\\\\b\\\\000\0\per\\
=010  \\$a  2015325096
=040  \\$aDLC$beng$erda$cDLC$dOCLCO$dOCLCA$dTEF
=066  \\$c(3$c(4
=020  \\$a9786003131866
=020  \\$a6003131861
=035  \\$a(OCoLC)944407752
=037  \\$bLibrary of Congress -- Islamabad Overseas Office
=041  0\$aper$aara
=042  \\$alcode
=050  \4$aRC629$b.N365 2014
=049  \\$aZYUU
=100  1\$6880-01$aNāmī, Ḥusayn,$eauthor.
=245  10$6880-02$aRisālah dar darmān-i niqris :$bbih inz̤imām-i risālah-i Niqris az Zakarīyā-yi Rāzī  /$cnigāshtah-i,  muʼallif Ḥusayn, barā-yi Ẓill al-Sulṭān dar 1308-1413 Q ; bih kūshish-i Parīnāz Ḥaqīqatʹdūst.
=250  \\$6880-03$aChāp-i avval.
=264  \1$6880-04$aTihrān :$bIntishārāt-i Safīr-i Ardihāl :$bBā hamkārī-i Anjuman-i Taḥqīqāt-i Ṭibb-i Sunnatī-i Īrān,$c1393 [2014 or 2015].
=300  \\$a128 pages :$bfacsimiles ;$c23 cm.
=336  \\$atext$btxt$2rdacontent
=337  \\$aunmediated$bn$2rdamedia
=338  \\$avolume$bnc$2rdacarrier
=490  0\$6880-05$aDavā va darmān dar rūzigārān-i qadīm ;$v43
=500  \\$a"Dānishgāh-i ʻUlūm-i Pizishkī-i Tihrān, Markaz-i Rushd-i Istidādʹhā-yi Dirakhshān ; Anjuman-i Taḥqīqāt-i Ṭibb-i Sunnatī-i Īrān"
=500  \\$a"Shumārah-i nashr: 1-367"--Title page verso.
=504  \\$aIncludes bibliographical references.
=546  \\$aIn Persian and Arabic.
=650  \0$aGout.
=700  1\$6880-06$aḤaqīqatʹdūst Bunāb, Parīʹnāz,$eeditor.
=700  12$6880-07$aRāzī, Abū Bakr Muḥammad ibn Zakarīyā,$d865?-925?.$tMaqālah fī al-niqris.
=710  2\$6880-08$aAnjuman-i Taḥqīqāt-i Ṭibb-i Sunnatī-i Īrān.
=852  0\$aNNU$bBOBST$cMAIN$hRC629$i.N365 2014$p31142056713673
=880  1\$6100-01/(3/r$aنامى، حسين.
=880  10$6245-02/(3/r$aرساله در درمان نقرس :$bبه انضمام رساله نقرس از زکرياى رازى /$cنگاشته، مؤلف حسين، براى ظل السلطان در ١٣٠٨-١٤١٣ ق ؛ به کوشش پريناز حقيقت‌دوست.
=880  \\$6250-03/(4/r$aچاپ اول.
=880  \1$6264-04/(3/r$aتهران :$bانتشارات سفير اردهال :$bبا همکارى انجمن تحقيقات طب سنتى ايران،$c1393 [2014 or 2015].
=880  0\$6490-05/(3/r$aدوا و درمان در روزگاران قديم ؛$v43
=880  1\$6700-06/(3/r$aحقيقت‌دوست بناب، پرى‌ناز.
=880  12$6700-07/(3/r$aرازى، ابو بکر محمد بن زکريا،$d865?-925?.$tمقاله فى النقرس.
=880  2\$6710-08/(3/r$aانجمن تحقيقات طب سنتى ايران.
=994  \\$aC0$bTEF

