=LDR  03004cam a2200565 i 4500
=001  004149556
=003  NNU
=005  20160414021656.0
=008  150409s2014\\\\ir\ah\\\\\\\\\000\0\per\\
=010  \\$a  2015325195
=040  \\$aDLC$beng$erda$cDLC$dZCU$dOCLCF$dTEF
=066  \\$c(3$c(4
=020  \\$a9789644463907
=020  \\$a9644463900
=035  \\$a(OCoLC)907133346
=037  \\$aLibrary of Congress -- Islamabad Overseas Office
=041  0\$aper$beng
=042  \\$alcode
=043  \\$aa-ir---
=050  \4$aND987.S5$bA95 2014
=049  \\$aZYUU
=100  1\$6880-01$aʻAẓīmī, Ḥabīb Allāh,$d1962 or 1963-
=245  10$6880-02$aMaktab-i Hunarī-i Shīrāz dar nusakh-i khaṭṭī-i Īrānī =$bArtistic school of Shiraz as reflected in Persian manuscripts /$ctaʼlīf-i, Duktur Ḥabīb Allāh ʻAẓīmī.
=246  15$aArtistic school of Shiraz as reflected in Persian manuscripts
=250  \\$6880-03$aChāp-i avval.
=264  \1$6880-04$aTihrān :$bSāzmān-i Asnād va Kitābkhānah-i Millī-i Jumhūrī-i Islāmī-i Īrān bā hamkārī Bunyād-i Fārsʹshināsī-i Shīrāz,$c1393 [2014].
=300  \\$a155 pages :$bcolor illustrations, facsimiles ;$c24 cm
=336  \\$atext$2rdacontent
=337  \\$aunmediated$2rdamedia
=338  \\$avolume$2rdacarrier
=520  \\$aMaktab-i Naqqāshī- Shīrāz ; Maktab-i Hunar-i Shīrāz ; Painting - Iran - Shīrāz ; Illumination of books and manuscripts, Persian.
=546  \\$aIn Persian; introduction in English.
=650  \0$aIllumination of books and manuscripts$zIran$zShīrāz.
=650  \0$aMiniature painting, Iranian$zIran$zShīrāz.
=650  \0$aPainting$zIran$zShīrāz$xHistory.
=650  \7$aIllumination of books and manuscripts.$2fast$0(OCoLC)fst00967235
=650  \7$aMiniature painting, Iranian.$2fast$0(OCoLC)fst01022754
=650  \7$aPainting.$2fast$0(OCoLC)fst01050567
=651  \7$aIran$zShīrāz.$2fast$0(OCoLC)fst01208873
=655  \7$aHistory.$2fast$0(OCoLC)fst01411628
=710  2\$6880-05$aSāzmān-i Asnād va Kitābkhānah-i Millī-i Jumhūrī-i Islāmī-i Īrān.
=710  2\$6880-06$aBunyād-i Fārsʹshināsī-i Shīrāz.
=852  0\$aNNU$bBOBST$cMAIN$hND987.S5$iA95 2014$p31142056713699
=880  1\$6100-01/(3/r$aعظيمى، حبيب الله.
=880  10$6245-02/(3/r$aمکتب هنرى شيراز در نسخ خطى ايرانى =$bArtistic School of Shiraz as reflected in Persian /$cتأليف، دکتر حبيب الله عظيمى.
=880  \\$6250-03/(4/r$aچاپ اول.
=880  \1$6264-04/(3/r$aتهران :$bسازمان اسناد و کتابخانه ملى جمهورى اسلامى ايران با همکارى بنياد فارس‌شناسى شيراز،$c2014.
=880  2\$6710-05/(3/r$aسازمان اسناد و کتابخانه ملى جمهورى اسلامى ايران.
=880  2\$6710-06/(3/r$aبنياد فارس‌شناسى شيراز.
=994  \\$aC0$bTEF

