=LDR  03064cam a2200589 i 4500
=001  004149570
=003  NNU
=005  20160414111847.0
=008  150409s2014\\\\ir\a\\\\\\\\\\000\0aper\\
=010  \\$a  2015325210
=040  \\$aDLC$beng$erda$cDLC$dTEF
=066  \\$c(3$c(4
=020  \\$a9789645282187
=020  \\$a9645282187
=035  \\$a(OCoLC)907133490
=037  \\$aLibrary of Congress -- Islamabad Overseas Office
=042  \\$alcode
=043  \\$aa-ir---
=050  \4$aPK6561.M6$bZ46 2014
=049  \\$aZYUU
=100  1\$6880-01$aMurtaz̤avī, Manūchihr,$eauthor.
=245  10$6880-02$aZindagīʹnāmah va khadamāt-i ʻilmī va farhangī-i zindah yād duktur Manūchihr Murtaz̤avī =$bBiography & academic life of Dr. Manouchehr Mortazavi /$cvīrāstār-i Umīd Qanbarī.
=246  1\$iTitle on page 4 of cover:$aBiography & academic life of Dr. Manouchehr Mortazavi
=246  3\$aBiography and academic life of Doctor Manouchehr Mortazavi
=250  \\$6880-03$aChāp-i avval.
=264  \1$6880-04$aTihrān :$bAnjuman-i Ās̲ār va Mafākhir-i Farhangī,$c1393 [2014 or 2015]
=300  \\$a233 pages :$billustrations ;$c22 cm.
=336  \\$atext$2rdacontent
=337  \\$aunmediated$2rdamedia
=338  \\$avolume$2rdacarrier
=490  0\$6880-05$aAnjuman-i Ās̲ār va Mafākhir-i Farhangī ;$v132
=490  0\$6880-06$aSilsilah-i intishārāt va majmūʻah-i zindagīʹnāmahʹhā ;$v565/132
=546  \\$aIn Persian.
=600  10$6880-07$aMurtaz̤avī, Manūchihr$xCriticism and interpretation.
=650  \0$aPoets, Iranian$y20th century$xHistory and criticism.
=700  1\$6880-08$aQanbarī, Umīd,$eeditor.
=710  2\$6880-09$aAnjuman-i Ās̲ār va Mafākhir-i Farhangī.
=830  \0$6880-10$aAnjuman-i Ās̲ār va Mafākhir-i Farhangī ;$v132.
=830  \0$6880-11$aSilsilah-i intishārāt va majmūʻah-ʼi zindagīʹnāmahʹhā ;$v565/132.
=852  0\$aNNU$bBOBST$cMAIN$hPK6561.M6$iZ46 2014$p31142056713756
=880  1\$6100-01/(3/r$aمرتضوى، منوچهر.
=880  10$6245-02/(3/r$aزندگى‌نامه و خدمات علمى و فرهنگى زنده ياد دکتر منوچهر مرتضوى =$bBiography & academic life of Dr. Manouchehr Mortazavi /$cويراستار اميد قنبرى.
=880  \\$6250-03/(4/r$aچاپ اول.
=880  \1$6264-04/(3/r$aتهران :$bانجمن آثار و مفاخر فرهنگى،$c1393 [2014 or 2015].
=880  0\$6490-05/(3/r$aانجمن آثار و مفاخر فرهنگى ؛$v132
=880  0\$6490-06/(3/r$aسلسله انتشارات و مجموعه زندگى‌نامه‌ها ؛$v565/132
=880  14$6600-07/(3/r$aمرتضوى، منوچهر.
=880  1\$6700-08/(3/r$aقنبرى، اميد.
=880  2\$6710-09/(3/r$aانجمن آثار و مفاخر فرهنگى.
=880  \0$6830-10/(3/r$aانجمن آثار و مفاخر فرهنگى ؛$v132.
=880  \0$6830-11/(3/r$aسلسله انتشارات و مجموعۀ زندگى‌نامه‌ها ؛$v565/132.
=994  \\$aC0$bTEF

