=LDR  02027cam a2200469 i 4500
=001  004149545
=003  NNU
=005  20160414112323.0
=008  150409s2014\\\\ir\a\\\\\\\\\\000\0bper\\
=010  \\$a  2015325183
=040  \\$aDLC$beng$erda$cDLC$dOCLCO$dTEF
=066  \\$c(3$c(4
=020  \\$a9789649640068
=020  \\$a9649640061
=035  \\$a(OCoLC)907133414
=037  \\$aLibrary of Congress -- Islamabad Overseas Office
=042  \\$alcode
=043  \\$aa-ir---
=050  \4$aLA2383.I7$bR358 2014
=049  \\$aZYUU
=100  1\$6880-01$aRaʼīs Fīrūz, Fakhr al-Mulūk,$d1921-$eauthor.
=245  10$6880-02$aMuʻallim :$bzindagīnāmah-i Bānū Fakhr al-Mulūk Raʼīs Fīrūz = The teacher /$cbih ihtimāmi Kūrūsh Mīrzā Ṭāvalī.
=250  \\$6880-03$aChāp-i avval.
=264  \1$6880-04$aTihrān :$bInitshārāt-i Ṭarḥ-i Khiyāl,$c1393 [2014 or 2015]
=300  \\$a318 pages :$billustraitons ;$c22 cm
=336  \\$atext$2rdacontent
=337  \\$aunmediated$2rdamedia
=338  \\$avolume$2rdacarrier
=520  \\$aRaʼīs Fīrūz, Fakhr al-Mulūk,1921 or 1922- ; Teachers - Iran -- Biography.
=546  \\$aIn Persian.
=600  10$6880-05$aRaʼīs Fīrūz, Fakhr al-Mulūk,$d1921-
=650  \0$aWomen teachers$zIran$xBiography.
=650  \0$aTeachers$zIran$vBiography.
=700  1\$6880-06$aṬāvalī, Kūrūsh Mīrzā.
=852  0\$aNNU$bBOBST$cMAIN$hLA2383.I7$iR358 2014$p31142056713806
=880  1\$6100-01/(3/r$aرئىس فىروز، فخر الملوک،$eauthor.
=880  10$6245-02/(3/r$aمعلم :$bزندگينامه بانو فخر الملوک رئيس فيروز = The teacher  /$cبه اهتمام کوروش ميرزا طاولى.
=880  \\$6250-03/(4/r$aچاپ اول.
=880  \1$6264-04/(3/r$aتهران :$bانتشارات طرح خيال،$c1393 [2014 or 2015].
=880  14$6600-05/(3/r$aرئيس فيروز، فخر الملوک.
=880  1\$6700-06/(3/r$aطاولى، کوروش ميرزا.
=994  \\$aC0$bTEF

