=LDR  02787cam a2200613 i 4500
=001  004149571
=003  NNU
=005  20160414010913.0
=008  150409s2014\\\\ir\ah\\\\b\\\\001\0\per\\
=010  \\$a  2015325211
=040  \\$aDLC$beng$erda$cDLC$dTEF
=066  \\$c(3$c(4
=020  \\$a9789641903765 (set)
=020  \\$a9641903764 (set)
=020  \\$a9789641903772 (v. 1)
=020  \\$a9641903772 (v. 1)
=020  \\$a9789641903789 (v. 2)
=020  \\$a9641903780 (v. 2)
=035  \\$a(OCoLC)907133491
=037  \\$aLibrary of Congress -- Islamabad Overseas Office
=041  0\$aper$beng
=042  \\$alcode
=043  \\$aa-ir---
=050  \4$aPK6422$b.T355 2014
=049  \\$aZYUU
=100  1\$6880-01$aṬālibī, Farāmarz,$eauthor.
=245  10$6880-02$aTaʻziyah dar Gīlān =$bTazieh (Islamic passion play) in Guilan = Tazieh in Guilan /$cFarāmarz Ṭālibī, Ṣamṣām ʻIzzat Allāh.
=246  15$aTazieh (Islamic passion play) in Guilan
=246  1\$iTitle on page 4 of cover:$aTazieh in Guilan
=250  \\$6880-03$aChāp-i nukhust.
=264  \1$6880-04$aRasht :$bFarhang-i Īliyā,$c2014.
=300  \\$a2 volumes (322 pages), 2 unnumbered pages :$billustrations, facsimiles ;$c22 cm.
=336  \\$atext$2rdacontent
=337  \\$aunmediated$2rdamedia
=338  \\$avolume$2rdacarrier
=490  1\$6880-05$aFarhang-i Īliyā ;$v476.$aDānishnāmah-yi farhang va tamaddun-i Gīlān ;$v59-60
=504  \\$aIncludes bibliographical references (v. 2, pages 246-252) and index.
=546  \\$aIn Persian; inrtoduction in English.
=650  \0$aTaʻziyah$xHistory and criticism.
=650  \0$aPersian literature$zIran$zGīlān (Province)$xHistory and criticism.
=700  1\$6880-06$aʻIzzat Allāh, Ṣamṣām,$d1947 or 1948-
=830  \0$6880-07$aFarhang-i Īliyā ;$v476.
=830  \0$6880-08$aDānishnāmah-yi farhang va tamaddun-i Gīlān ;$v59-60.
=852  0\$aNNU$bBOBST$cMAIN$hPK6422$i.T355 2014$3V.1$p31142056713905
=852  0\$aNNU$bBOBST$cMAIN$hPK6422$i.T355 2014$3V.2$p31142056713913
=880  1\$6100-01/(3/r$aطالبى، فرامرز،$eauthor.
=880  10$6245-02/(3/r$aتعزيه در گيلان =$bTazieh (Islamic passion play) in Guilan = Tazieh in Guilan /$cفرامرز طالبى، صمصام عزت الله.
=880  \\$6250-03/(4/r$aچاپ نخست.
=880  \1$6264-04/(3/r$aرشت :$bفرهنگ ايليا،$c2014.
=880  1\$6490-05/(3/r$aفرهنگ ايليا ؛$v476.$aدانشنامه‌ى فرهنگ و تمدن گيلان ؛$v59-60
=880  1\$6700-06/(3/r$aعزت الله، صمصام.
=880  \0$6830-07/(3/r$aفرهنگ ايلىا ؛$v476.
=880  \0$6830-08/(3/r$aدانشنامه‌ى فرهنگ و تمدن گىلان ؛$v5960.
=994  \\$aC0$bTEF

