=LDR  01570nam a2200397 i 4500
=001  004087167
=003  NNU
=005  20160414052635.0
=008  160414s2014\\\\ir\\\\\\\\\\\\000\0\per\d
=040  \\$aNNU$beng$erda$cTEF
=066  \\$c(3$c(4
=020  \\$a9786005281408$cprint
=020  \\$a6005281402$cprint
=035  \\$a(OCoLC)946657029
=050  \4$aDS316.3$b.R398 2013
=049  \\$aZYUU
=100  1\$6880-01$aRawshandil, Yaḥyá,$eauthor.
=245  10$6880-02$aḤayāt-i siyāsī-ijtimāʻī-i Āyāt Allāh Sayyid Muḥammad Bahbahānī /$cYaḥyá Rawshanʹdil.
=250  \\$6880-03$aChāp-i avval.
=264  \1$6880-04$aTihrān :$bHamsāyah,$c1392 [2013 or 2014].
=300  \\$a160 pages ;$c22 cm
=336  \\$atext$btxt$2rdacontent
=337  \\$aunmediated$bn$2rdamedia
=338  \\$avolume$bnc$2rdacarrier
=546  \\$aIn Persian.
=504  \\$aIncludes bibliographical references (pages 151-160).
=600  10$6880-05$aBahbahānī, Sayyid Muḥammad.
=651  \0$aIran$xPolitics and government.
=651  \0$aIran$xHistory$yPahlavi dynasty, 1925-1979.
=852  0\$aNNU$bBOBST$cMAIN$hDS316.3$i.R398 2013$p31142056214938
=880  1\$6100-01/(3/r$aروشندل، ىحىى،$eauthor.
=880  10$6245-02/(3/r$aحىات سىاسى-اجتماعى آىات الله سيد محمد بهبهانى /$cىحىى روشن‌دل.
=880  \\$6250-03/(4/r$aچاپ اول.
=880  \1$6264-04/(3/r$aتهران :$bهمساىه،$c1392 [2013 or 2014].
=880  14$6600-05/(3/r$aبهبهانى، سيد محمد.
=994  \\$aC0$bTEF

