=LDR  01769nam a2200373 i 4500
=001  004087177
=003  NNU
=005  20160415010744.0
=008  160415s2014\\\\ir\\\\\\\b\\\\000\0\per\d
=040  \\$aNNU$beng$erda$cTEF
=066  \\$c(4$c(3
=020  \\$a9786001757365$cprint
=020  \\$a6001757364$cprint
=035  \\$a(OCoLC)946747119
=050  \4$aDS318.85$b.K363 2014
=049  \\$aZYUU
=100  1\$6880-01$aKamarī, ʻAlī Riz̤ā,$d1960 or 1961-$eauthor.
=245  10$6880-02$aĀs̲arnishān :$bdar āmidī bar rūykard-i nishānahʹshinākhtī bih mafhūm-i sanad va muṭālaʻāt-i asnādī-i jang/difāʻ-i muqaddis /$cʻAlīriz̤ā Kamarī.
=246  1\$iTitle on page [4] of cover:$aAsarneshan :$ban introduction to semiological approach as war/holy defence : document & documentary studies
=250  \\$6880-03$aChāp-i avval.
=264  \1$6880-04$aTihrān :$bShirkat-i Intishārāt-i Sūrah-i Mihr,$c1393 [2014 or 2015].
=300  \\$a100 pages ;$c21 cm
=336  \\$atext$btxt$2rdacontent
=337  \\$aunmediated$bn$2rdamedia
=338  \\$avolume$bnc$2rdacarrier
=546  \\$aIn Persian.
=504  \\$aIncludes bibliographical references (pages 93-100).
=650  \0$aIran-Iraq War, 1980-1988$vSources.
=852  0\$aNNU$bBOBST$cMAIN$hDS318.85$i.K363 2014$p31142056215034
=880  1\$6100-01/(4/r$aکمرى، على رضا،$eauthor.
=880  10$6245-02/(3/r$aآثرنشان :$bدر آمدى بر روىکرد نشانه‌ شناختى به مفهوم سند و مطالعات اسنادى جنگ/دفاع مقدس /$cعلىرضا کمرى.
=880  \\$6250-03/(4/r$aچاپ اول.
=880  \1$6264-04/(3/r$aتهران :$bشرکت انتشارات سوره مهر،$c1393 [2014 or 2015].
=994  \\$aC0$bTEF

