=LDR  01764nam a2200373 i 4500
=001  004119959
=003  NNU
=005  20160414030223.0
=008  160414s2014\\\\ir\\\\\\\\\\\\000\0\per\d
=040  \\$aNNU$beng$erda$cTEF
=066  \\$c(4$c(3
=020  \\$a9789645174680$cprint
=020  \\$a9645174686$cprint
=035  \\$a(OCoLC)946639392
=043  \\$aa-ir---
=050  \4$aDS324.M3$bI63 2014
=049  \\$aZYUU
=100  1\$6880-01$aKāẓimʹzādah Īrānshahr, Ḥusayn,$eauthor.
=245  10$6880-02$aTajlīyāt-i rūḥ-i Īrānī /$cḤusayn Kāẓimʹzādah Īrānshahr ; bā muqaddimah-i Duktur Riz̤āʹzādah Shafaq Tabrīzī ; bih kūshish-i Kāẓim Āz̲irīʹsīsī.
=264  \1$6880-03$aTabrīz :$bNashr-i Aktar,$c1393 [2014 or 2015].
=300  \\$a128 pages :$billustrations ;$c22 cm
=336  \\$atext$btxt$2rdacontent
=337  \\$aunmediated$bn$2rdamedia
=338  \\$avolume$bnc$2rdacarrier
=651  \0$aIran$xCivilization.
=700  1\$6880-04$aShafaq, Riz̤āʹzādah,$d1892 or 1893-$ewriter of introduction.
=700  1\$6880-05$aĀz̲irīʹsīsī, Kāẓim,$eeditor.
=852  0\$aNNU$bBOBST$cMAIN$hDS324.M3$iI63 2014$p31142056345336
=880  1\$6100-01/(4/r$aکاظم‌زاده ايرانشهر، حسىن،$eauthor.
=880  10$6245-02/(3/r$aتجليات روح ايرانى /$cحسىن کاظم‌زاده ايرانشهر ؛ با مقدمه دکتر رضا‌زاده شفق تبرىزى ؛ به کوشش کاظم آذرى‌سىسى.
=880  \1$6264-03/(3/r$aتبرىز :$bنشر اکتر،$c1393 [2014 or 2015].
=880  1\$6700-04/(3/r$aشفق، رضا‌زاده،$ewriter of introduction.
=880  1\$6700-05/(3/r$aآذرى‌سىسى، کاظم،$eeditor.
=994  \\$aC0$bTEF

