=LDR  01659cam a2200445 i 4500
=001  003989782
=003  NNU
=005  20160415011649.0
=008  131024s2012\\\\ir\\\\\\\\\\\\000\f\per\d
=040  \\$aRAHAB$beng$erda$cRAHAB$dNUI$dRAHAB$dOCLCF$dUIU$dTEF
=066  \\$c(3$c(4
=020  \\$a9789642280988
=020  \\$a9642280981
=035  \\$a(OCoLC)861453547
=090  \\$aPK6561.J85$bS85 2012
=049  \\$aZYUU
=100  1\$6880-01$aJūlāyī, Riz̤ā,$eauthor.
=245  10$6880-02$aSūʼ-i qaṣd bih z̲āt-i humāyūnī :$brumān /$cRiz̤ā Jūlāyī.
=264  \1$6880-03$aTihrān :$bNashr-i Naqd-i Afkār,$c1391 [2012].
=300  \\$a318 pages ;$c22 cm
=336  \\$atext$2rdacontent
=337  \\$aunmediated$2rdamedia
=338  \\$avolume$2rdacarrier
=490  1\$6880-04$aQiṣṣahʹ-yi nū ;$v16
=490  1\$6880-05$aNashr-i Afkār ;$v272
=500  \\$aNovel.
=546  \\$aIn Persian.
=650  \0$aPersian fiction.
=650  \7$aPersian fiction.$2fast$0(OCoLC)fst01058461
=830  \0$6880-06$aQiṣṣahʹ-yi nū ;$v16.
=830  \0$6880-07$aNashr-i Afkār (Series) ;$v272
=852  0\$aNNU$bBOBST$cMAIN$p31142056392148
=880  1\$6100-01/(3/r$a‏جولايى، رضا.
=880  10$6245-02/(3/r$aسوء قصد به ذات هماىونى :$bرمان /$cرضا جولاىى.
=880  \1$6264-03/(3/r$aتهران :$bنشر نقد افکار،$c1391 [2012].
=880  1\$6490-04/(3/r$aقصه‌ى نو ؛$v16
=880  1\$6490-05/(3/r$aنشر افکار ؛$v272
=880  \0$6830-06/(3/r$aقصه‌ى نو ؛$v16.
=880  \0$6830-07/(3/r$aنشر افکار (سلسله) ؛$v272
=994  \\$aC0$bTEF

