=LDR  02217cam a2200493 i 4500
=001  004022063
=003  NNU
=005  20160414022521.0
=008  140714s2011\\\\ir\\\\\\\\\\\\000\0\pero\
=010  \\$a  2014311857
=040  \\$aDLC$beng$erda$cDLC$dOCLCO$dOCLCF$dTEF
=066  \\$c(3$c(4
=035  \\$a(OCoLC)883749570
=037  \\$aLibrary of Congress -- Islamabad Overseas Office
=042  \\$alcode
=043  \\$aa-ir---
=050  00$aHC79.S9$bH335 2011
=049  \\$aZYUU
=100  1\$6880-01$aHādī Zunūz, Bihrūz,$d1945 or 1946-
=245  10$6880-02$aMuṭālaʻah-i payāmadʹhā-yi iqtiṣādī-i ijrā-yi qānūn-i hadafmandī-i yārānahʹhā /$cmuḥaqqiqān, Duktur Bihrūz Hādī Zanūr, Duktur Munīzhah Dashtbān, Shafaq Mihrʹāz̲īn
=250  \\$aChāp-i avval.
=264  \1$6880-03$aTihrān :$bJāmiʻah-i Muhandisān-i Mushāvir-i Īrān,$c1390 [2011]
=300  \\$a113 pages ;$c23 cm
=336  \\$atext$2rdacontent
=337  \\$aunmediated$2rdamedia
=338  \\$avolume$2rdacarrier
=500  \\$aSubsidies - Iran.
=546  \\$aIn Persian.
=650  \0$aSubsidies$zIran.
=651  \0$aIran$xEconomic policy.
=650  \7$aEconomic policy.$2fast$0(OCoLC)fst00902025
=650  \7$aSubsidies.$2fast$0(OCoLC)fst01136736
=651  \7$aIran.$2fast$0(OCoLC)fst01204889
=700  1\$6880-04$aDashtbān, Munīzhah.
=700  1\$6880-05$aMihrʹāz̲īn, Shafaq.
=710  2\$6880-06$aJāmiʻah-i Muhandisān-i Mushāvir-i Īrān.
=852  0\$aNNU$bBOBST$cMAIN$hHC79.S9$iH335 2011$p31142056400354
=880  1\$6100-01/(3/r$aهادى زنوز، بهروز،$d1945 or 1946-
=880  10$6245-02/(3/r$aمطالعه پيامد‌هاى اقتصادى اجراى قانون هدفمندى يارانه‌ها /$cمحققان، دکتر بهروز هادى زنور، دکتر منيژه دشتبان، شفق مهر‌آذين
=880  \1$6264-03/(3/r$aتهران :$bجامعه مهندسان مشاور ايران،$c1390 [2011].
=880  1\$6700-04/(3/r$aدشتبان، منيژه.
=880  1\$6700-05/(3/r$aمهر‌آذين، شفق.
=880  2\$6710-06/(3/r$aجامعه مهندسان مشاور ايران.
=994  \\$aC0$bTEF

