=LDR  02335cam a2200457 i 4500
=001  004022117
=003  NNU
=005  20160415101725.0
=008  140714s2013\\\\ir\a\\\\\\\\\\000\0apero\
=010  \\$a  2014311919
=040  \\$aDLC$beng$erda$cDLC$dHLS$dTEF
=066  \\$c(3$c(4
=020  \\$a9789643377601
=020  \\$a9643377601
=035  \\$a(OCoLC)883904087
=037  \\$aLibrary of Congress -- Islamabad Overseas Office
=042  \\$alcode
=050  \4$aDS316.9.M888$bA3 2013
=049  \\$aZYUU
=100  1\$6880-01$aMustawfī, Ḥasanʻalī Khān,$eauthor.
=245  10$6880-02$aKhāṭirāt-i ḥaz̤rat-i Ustādī sir prūfisūr Ḥasanʻalī Khān Mustawfī /$ctaqrīr az Ḥasanʻalī Khān Mustawfī ; taḥrīr az Mīrzā Ḥusayn Pīshkār ; vīrāyish-i ḥadd-i aqalī, nuqṭah-i guz̲ārī va ilqā-yi pānkachvāsiyūn-i Abū al-Faz̤l Zarūyī Naṣrʹābād.
=250  \\$6880-03$aChāp-i avval.
=264  \1$6880-04$aTihrān :$bKitāb-i Nayistān,$c1392 [2013].
=300  \\$a224 pages :$billustrations ;$c21 cm
=336  \\$atext$2rdacontent
=337  \\$aunmediated$2rdamedia
=338  \\$avolume$2rdacarrier
=546  \\$aIn Persian.
=600  10$6880-05$aMustawfī, Ḥasanʻalī Khān$vDiaries.
=651  \0$aIran$xHistory$yPahlavi dynasty, 1925-1979$vDiaries.
=700  1\$6880-06$aPīshkār, Mīrzā Ḥusayn,$eeditor.
=700  1\$6880-07$aNaṣr al-Dīn, Mullā,$d1969 or 1970-$eeditor.
=852  0\$aNNU$bBOBST$cMAIN$hDS316.9.M888$iA3 2013$p31142056400859
=880  1\$6100-01/(3/r$aمستوفى، حسنعلى خان،$eauthor.
=880  10$6245-02/(3/r$aخاطرات حضرت استادى سِر پروفسور حسنعلى خان مستوفى /$cتقرىر از حسنعلى خان مستوفى ؛ تحرىر از مىرزا حسىن پىشکار ؛ وىراىش حدّ اقلى، نقطه گذارى و القاى پانکچواسىون ابو الفضل زروىى نصر‌آباد.
=880  \\$6250-03/(4/r$aچاپ اول.
=880  \1$6264-04/(3/r$aتهران :$bکتاب نىستان،$c1392 [2013].
=880  14$6600-05/(3/r$aمستوفى، حسنعلى خان.
=880  1\$6700-06/(4/r$aپىشکار، مىرزا حسىن،$eeditor.
=880  1\$6700-07/(3/r$aنصر الدىن، ملا،$eeditor.
=994  \\$aC0$bTEF

