=LDR  01813nam a2200433 i 4500
=001  004119786
=003  NNU
=005  20160414043817.0
=008  160414s2014\\\\ir\a\\\\\c\\\\000\0\per\d
=040  \\$aNNU$beng$erda$cTEF
=066  \\$c(3$c(4
=020  \\$a9786006728278$cprint
=020  \\$a6006728273$cprint
=035  \\$a(OCoLC)946650756
=043  \\$aa-ir---
=050  \4$aND985$b.M843 2014
=049  \\$aZYUU
=100  1\$6880-01$aMuhājir, Shahrūz,$eauthor.
=245  10$6880-02$aMaktab-i Kamāl al-Mulk /$cShahrūz Muhājir, Muḥammad Ḥasan Ḥāmidī ; vīrāstār, Bahrām Farahmandʹpūr.
=250  \\$6880-03$aChāp-i nukhast.
=264  \1$6880-04$aTihrān :$bPaykarah,$c1393 [2014 or 2015].
=300  \\$a118 pages :$billustrations (some color) ;$c24 cm
=336  \\$atext$btxt$2rdacontent
=337  \\$aunmediated$bn$2rdamedia
=338  \\$avolume$bnc$2rdacarrier
=546  \\$aIn Persian.
=600  00$6880-05$aKamāl al-Mulk,$d-1940$xInfluence.
=650  \0$aPainting, Iranian$y20th century$vCatalogs.
=700  1\$6880-06$aḤāmidī, Muḥammad Ḥasan,$d1970 or 1971-$eauthor.
=700  1\$6880-07$aFarahmandʹpūr, Bahrām,$eeditor.
=852  0\$aNNU$bBOBST$cMAIN$hND985$i.M843 2014$p31142056545612
=880  1\$6100-01/(3/r$aمهاجر، شهروز،$eauthor.
=880  10$6245-02/(3/r$aمکتب کمال الملک /$cشهروز مهاجر، محمد حسن حامدى ؛ وىراستار، بهرام فرهمندپور.
=880  \\$6250-03/(4/r$aچاپ نخست.
=880  \1$6264-04/(3/r$aتهران :$bپىکره،$c1393 [2014 or 2015].
=880  04$6600-05/(4/r$aکمال الملک.
=880  1\$6700-06/(3/r$aحامدى، محمد حسن،$eauthor.
=880  1\$6700-07/(3/r$aفرهمند‌پور، بهرام،$eeditor.
=994  \\$aC0$bTEF

