=LDR  02140nam a2200445 i 4500
=001  004119793
=003  NNU
=005  20160414041118.0
=008  160414s2014\\\\ir\\\\\\\b\\\\001\0\per\d
=040  \\$aNNU$beng$erda$cTEF
=066  \\$c(3$c(4
=020  \\$a9786001197383$cprint
=020  \\$a6001197385$cprint
=035  \\$a(OCoLC)946646378
=050  \4$aPK6465$b.B343 2014
=049  \\$aZYUU
=100  1\$6880-01$aBahrahʹvar, Majīd,$eauthor.
=245  10$6880-02$aBigū-bikhand bā Ḥāfiẓ :$brūykard-i padīdārī bih ṭarz-i sukhan-i Ḥāfiẓ va ṭanz-i naqīz̤ah-i gūyān /$cDuktur Majīd Bahrahʹvar ; bā pīshguftārī az Bahāʼ al-Dīn Khurramshāhī.
=246  15$aMerriment with Hafiz :$ba phenomenological approach to poetics of Hafiz and parodists' satire
=250  \\$6880-03$aChāp-i avval.
=264  \1$6880-04$aTihrān :$bNashr-i Qaṭrah,$c1393 [2014 or 2015].
=300  \\$a337 pages ;$c23 cm
=336  \\$atext$btxt$2rdacontent
=337  \\$aunmediated$bn$2rdamedia
=338  \\$avolume$bnc$2rdacarrier
=546  \\$aIn Persian.
=504  \\$aIncludes bibliographical references and indexes.
=600  00$6880-05$aḤāfiẓ,$dactive 14th century.
=650  \0$aPersian wit and humor$xHistory and criticism.
=700  0\$6880-06$aḤāfiẓ,$dactive 14th century,$eauthor.
=700  1\$6880-07$aKhurramshāhī, Bahāʼ al-Dīn,$ewriter of introduction.
=852  0\$aNNU$bBOBST$cMAIN$hPK6465$i.B343 2014$p31142056545638
=880  1\$6100-01/(3/r$aبهره‌ور، مجىد،$eauthor.
=880  10$6245-02/(3/r$aبگو-بخند با حافظ :$bروىکرد پدىدارى به طرز سخن حافظ و طنز نقىضه گوىان /$cدکتر مجىد بهره‌ور ؛ با پىشگفتارى از بهاء الدىن خرمشاهى.
=880  \\$6250-03/(4/r$aچاپ اول.
=880  \1$6264-04/(3/r$aتهران :$bنشر قطره،$c1393 [2014 or 2015].
=880  04$6600-05/(3/r$aحافظ.
=880  02$6700-06/(3/r$aحافظ،$eauthor.
=880  1\$6700-07/(3/r$aخرّمشاهى، بهاء الدىن،$ewriter of introduction.
=994  \\$aC0$bTEF

