=LDR  02849cam a2200505 i 4500
=001  004119806
=003  NNU
=005  20160414124506.0
=008  141114s2014\\\\ir\\\\\\\b\\\\001\0bper\\
=010  \\$a  2014310544
=040  \\$aDLC$beng$erda$cDLC$dOCLCO$dTEF
=066  \\$c(3$c(4
=020  \\$a9789641028277
=020  \\$a9641028278
=035  \\$a(OCoLC)895501160
=037  \\$aLibrary of Congress -- Islamabad Overseas Office
=042  \\$alcode
=043  \\$aa-ir---
=050  \4$aBP80.M858$bB343 2014
=049  \\$aZYUU
=100  1\$6880-01$aBahārvand Aḥmadī, Abūz̲ar,$eauthor.
=245  10$6880-02$aSarʹāghāz-i bīdārī :$bjaryānʹshināsī-i siyāsī-i ʻaṣr-i ḥayāt-i shahīd Sayyid Muṣṭafá, Mujtahid Kamarah (pidar-i imam Khumaynī) = Beginning of awakening : study of lifetime of Agha Mostafa Mojtaheda Kamareh (father of Iimam Khomeini) /$ctaʼlīf-i, Abūz̲ar Bahārvand Aḥmadī.
=246  1\$iTitle on page 4 of cover:$aBeginning of awakening :$bstudy of lifetime of Agha Mostafa Mojtaheda Kamareh (father of Iimam Khomeini)
=250  \\$6880-03$aChāp-i avval.
=264  \1$6880-04$a[Tihrān] :$bSāzmān-i Chāp va Intishārāt-i Dānishgāh-i Āzād-i Islāmī bā hamkārī-i Vāḥid-i Khumayn,$c1393 [2014 or 2015].
=300  \\$a159 pages ;$c21 cm
=336  \\$atext$2rdacontent
=337  \\$aunmediated$2rdamedia
=338  \\$avolume$2rdacarrier
=504  \\$aIncludes bibliographical references (pages 135-144) and index.
=546  \\$aIn Persian.
=600  10$6880-05$aMujtahid Kamarah, Muṣṭafá.
=650  \0$aShīʻah$xHistory.
=650  \0$aCivilization, Modern.
=710  2\$6880-06$aDānishgāh-i Āzād-i Islāmī.$bSāzmān-i Chāp va Intishārāt.
=710  2\$6880-07$aDānishgāh-i Āzād-i Islāmī.$bVāḥid-i Khumayn.
=852  0\$aNNU$bBOBST$cMAIN$hBP80.M858$iB343 2014$p31142056545711
=880  1\$6100-01/(3/r$aبهاروند احمدى، ابوذر.
=880  10$6245-02/(3/r$aسر‌آغاز بيدارى :$bجريان‌شناسى سياسى عصر حيات شهيد سيد مصطفى، مجتهد کمره (پدر امم خمينى) = Beginning of awakening : study of lifetime of Agha Mostafa Mojtaheda Kamareh (father of Iimam Khomeini) /$cتأليف، ابوذر بهاروند احمدى.
=880  \\$6250-03/(4/r$aچاپ اول.
=880  \1$6264-04/(3/r$a[تهران] :$bسازمان چاپ و انتشارات دانشگاه آزاد اسلامى با همکارى واحد خمين،$c1393 [2014 or 2015].
=880  14$6600-05/(3/r$aمجتهد کمره، مصطفى.
=880  2\$6710-06/(3/r$aدانشگاه آزاد اسلامى.$bسازمان چاپ و انتشارات.
=880  2\$6710-07/(3/r$aدانشگاه آزاد اسلامى.$bواحد خمين.
=994  \\$aC0$bTEF

