=LDR  01656nam a2200397 i 4500
=001  004119750
=003  NNU
=005  20160415111853.0
=008  160415s2013\\\\ir\a\\\\\d\\\\000\0\per\d
=040  \\$aNNU$beng$erda$cTEF
=066  \\$c(3$c(4
=020  \\$a9789649407081$cprint
=020  \\$a9649407081$cprint
=035  \\$a(OCoLC)946735654
=050  \4$aBP187.3$b.N353 2013
=049  \\$aZYUU
=100  1\$6880-01$aNajafī, Riz̤ā,$eauthor.
=245  10$6880-02$aFarhang-i alifbāyī-i Ḥajj /$cDuktur Sayyid Riz̤ā Najafī, Maʻṣūmah Fāṭimīʹnasab.
=246  1\$iTitle on page [4] of cover:$aAlphabet dictionary of Haj
=250  \\$6880-03$aChāp-i avval.
=264  \1$6880-04$aIṣfahān :$bKitābnāmah-i Najaf,$c1392 [2013 or 2014].
=300  \\$a357 pages :$billustrations ;$c21 cm
=336  \\$atext$btxt$2rdacontent
=337  \\$aunmediated$bn$2rdamedia
=338  \\$avolume$bnc$2rdacarrier
=546  \\$aIn Persian.
=504  \\$aIncludes bibliographical references (pages 351-357).
=650  \0$aMuslim pilgrims and pilgrimages$zSaudi Arabia$zMecca$vDictionaries.
=700  1\$6880-05$aFāṭimīʹnasab, Maʻṣūmah,$eauthor.
=852  0\$aNNU$bBOBST$cMAIN$hBP187.3$i.N353 2013$p31142056546289
=880  1\$6100-01/(3/r$aنجفى، رضا،$eauthor.
=880  10$6245-02/(3/r$aفرهنگ الفباىى حج /$cدکتر سيد رضا نجفى، معصومه فاطمى‌نسب.
=880  \\$6250-03/(4/r$aچاپ اول.
=880  \1$6264-04/(3/r$aاصفهان :$bکتابنامه نجف،$c1392 [2013 or 2014].
=880  1\$6700-05/(3/r$aفاطمى‌نسب، معصومه،$eauthor.
=994  \\$aC0$bTEF

