=LDR  02911cam a2200529 i 4500
=001  004119882
=003  NNU
=005  20160414013652.0
=008  141208s2014\\\\ir\\\\\\\b\\\\000\0bper\\
=010  \\$a  2014310641
=040  \\$aDLC$beng$erda$cDLC$dTEF
=066  \\$c(3$c(4
=020  \\$a9786009103072
=020  \\$a600910307X
=035  \\$a(OCoLC)897946865
=037  \\$aLibrary of Congress -- Islamabad Overseas Office
=041  0\$aper$aara
=042  \\$alcode
=043  \\$aa-ir---
=050  \4$aQ143.I2584$bB39 2014
=049  \\$aZYUU
=100  1\$6880-01$aBayānī, Mahdī,$eauthor.
=245  10$6880-02$aTaḥqīq dar aḥvāl va ās̲ār-i Ibn Shahāb Yazdī :$bshāʻir, muvarrikh va munajjim-i gumnām-i qarn-i nuhum = On the life and works of Ibn Shehāb of Yazd : an obscure poet, historian and astronomers of the 9th century A.H/15th century A.D. /$ctaʼlīf-i Duktur Mahdī Bayānī ; bih ihtimām-i Nādir Muṭṭalibī Kāshānī.
=246  15$aOn the life and works of Ibn Shehāb of Yazd :$ban obscure poet, historian and astronomers of the 9th century A.H/15th century A.D.
=250  \\$6880-03$aChāp-i avval.
=264  \1$6880-04$aQum :$bNashr-i Muvarrikh,$c2014.
=300  \\$a163 pages ;$c24 cm.
=336  \\$atext$2rdacontent
=337  \\$aunmediated$2rdamedia
=338  \\$avolume$2rdacarrier
=490  0\$6880-05$aGanjīnah-ʼi Ḥusayn Bashārat barā-yi pizhūhish dar farhang va tārīkh-i Yazd ;$v17
=546  \\$aIn Persian; includes citations in Arabic.
=500  \\$a"H. Besharat's series for studies on Yazd, no. 17"--Added title page verso.
=504  \\$aIncludes bibliographical references (pages 161-163).
=600  10$6880-06$aIbn Shihāb, al-Ḥasan ibn Shihāb,$dapproximately 946-1037$vBiography.
=600  10$aIbn Shihāb, al-Ḥasan ibn Shihāb,$dapproximately 946-1037$xCriticism and interpretation.
=650  \0$aScientists$zIran$vBiography.
=700  1\$6880-07$aMuṭṭalibī Kāshānī, Nādir,$eeditor.
=852  0\$aNNU$bBOBST$cMAIN$hQ143.I2584$iB39 2014$p31142056547055
=880  1\$6100-01/(3/r$aبيانى، مهدى.
=880  10$6245-02/(3/r$aتحقيق در احوال و آثار ابن شهاب يزدى :$bشاعر، مورخ و منجم گمنام قرن نهم = On the life and works of Ibn Shehāb of Yazd : an obscure poet, historian and astronomers of the 9th century A.H/15th century A.D. /$cتأليف دکتر مهدى بيانى ؛ به اهتمام نادر مطلبى کاشانى.
=880  \\$6250-03/(4/r$aچاپ اول.
=880  \1$6264-04/(3/r$aقم :$bنشر مورخ،$c2014.
=880  0\$6490-05/(4/r$aگنجينۀ حسين بشارت براى پژوهش در فرهنگ و تاريخ يزد ؛$v17
=880  14$6600-06/(3/r$aابن شهاب، الحسن بن شهاب.
=880  1\$6700-07/(3/r$aمطلبى کاشانى، نادر.
=994  \\$aC0$bTEF

