=LDR  02582cam a2200517 i 4500
=001  004149589
=003  NNU
=005  20160418034209.0
=008  150409s2014\\\\ir\\\\\\\\\\\\000\0aper\\
=010  \\$a  2015325219
=040  \\$aDLC$beng$erda$cDLC$dTEF
=066  \\$c(3$c(4
=020  \\$a9789645281982
=020  \\$a9645281989
=035  \\$a(OCoLC)907133383
=037  \\$aLibrary of Congress -- Islamabad Overseas Office
=042  \\$alcode
=043  \\$aa-ir---
=050  \4$aPK6561.A363$bZ46 2014
=049  \\$aZYUU
=100  1\$6880-01$aAḥmadī Gīvī, Ḥasan.
=245  10$6880-02$aZindagīʹnāmah va khadamāt-i ʻilmī va farhangī-i zindah yād duktur Ḥasan Aḥmadī Gīvī =$bBiography & academic life of Dr. Hassan Ahmadi Givi /$cvīrāstār-i Umīd Qanbarī.
=246  1\$iTitle on page 4 of cover:$aBiography & academic life of Dr. Hassan Ahmadi Givi
=246  3\$aBiography and academic life of Doctor Hassan Ahmadi Givi
=264  \1$6880-03$aTihrān :$bAnjuman-i Ās̲ār va Mafākhir-i Farhangī,$c1393 [2014 or 2015]
=300  \\$a240 pages :$billustrations ;$c22 cm
=336  \\$atext$2rdacontent
=337  \\$aunmediated$2rdamedia
=338  \\$avolume$2rdacarrier
=490  0\$6880-04$aAnjuman-i Ās̲ār va Mafākhir-i Farhangī ;$v129
=490  0\$6880-05$aSilsilah-i intishārāt va majmūʻah-i zindagīʹnāmahʹhā ;$v581/129
=546  \\$aIn Persian.
=520  \\$aAḥmadī Gīvī, Ḥasan ; Authors, Iranian - 20th century - Biography.
=600  10$6880-06$aAḥmadī Gīvī, Ḥasan.
=700  1\$6880-07$aQanbarī, Umīd,$eeditor.
=710  2\$6880-08$aAnjuman-i Ās̲ār va Mafākhir-i Farhangī.
=852  0\$aNNU$bBOBST$cMAIN$hPK6561.A363$iZ46 2014$p31142056713947
=880  1\$6100-01/(3/r$aاحمدى گيوى، حسن.
=880  10$6245-02/(3/r$aزندگى‌نامه و خدمات علمى و فرهنگى زنده ياد دکتر حسن احمدى گيوى =$bBiography & academic life of Dr. Hassan Ahmadi Givi /$cويراستار اميد قنبرى.
=880  \1$6264-03/(3/r$aتهران :$bانجمن آثار و مفاخر فرهنگى،$c1393 [2014 or 2015].
=880  0\$6490-04/(3/r$aانجمن آثار و مفاخر فرهنگى ؛$v129
=880  0\$6490-05/(3/r$aسلسله انتشارات و مجموعه زندگى‌نامه‌ها ؛$v581/129
=880  14$6600-06/(3/r$aاحمدى گيوى، حسن.
=880  1\$6700-07/(3/r$aقنبرى، اميد.
=880  2\$6710-08/(3/r$aانجمن آثار و مفاخر فرهنگى.
=994  \\$aC0$bTEF

