=LDR  02645cam a2200541 i 4500
=001  004149588
=003  NNU
=005  20160418031647.0
=008  150409s2014\\\\ir\a\\\\\b\\\\000\0aper\\
=010  \\$a  2015325218
=040  \\$aDLC$beng$erda$cDLC$dOCLCO$dTEF
=066  \\$c(3$c(4
=020  \\$a9789645282491
=020  \\$a9645282497
=035  \\$a(OCoLC)907133382
=037  \\$aLibrary of Congress -- Islamabad Overseas Office
=042  \\$alcode
=043  \\$aa-ir---
=050  \4$aPK6561.N583$bZ56 2014
=049  \\$aZYUU
=100  1\$6880-01$aNīsārī, Salīm.
=245  10$6880-02$aZindagīʹnāmah va khadamāt-i ʻilmī va farhangī-i ustād duktur Salīm Nīsārī =$bBiography & academic life of Dr. Salim Neysari /$cvīrāstār-i Umīd Qanbarī.
=246  1\$iTitle on page 4 of cover:$aBiography & academic life of Dr. Salim Neysari
=246  3\$aBiography and academic life of Doctor Salim Neysari
=264  \1$6880-03$aTihrān :$bAnjuman-i Ās̲ār va Mafākhir-i Farhangī,$c1393 [2014 or 2015].
=300  \\$a207 pages :$billustrations ;$c22 cm
=336  \\$atext$2rdacontent
=337  \\$aunmediated$2rdamedia
=338  \\$avolume$2rdacarrier
=490  0\$6880-04$aAnjuman-i Ās̲ār va Mafākhir-i Farhangī ;$v125
=490  0\$6880-05$aSilsilah-i intishārāt va majmūʻah-i zindagīʹnāmahʹhā ;$v586/125
=504  \\$aIncludes bibliographical references (pages 165-174).
=520  \\$aNīsārī, Salīm ; Authors, Iranian - 20th century - Biography.
=546  \\$aIn Persian.
=600  10$6880-06$aNīsārī, Salīm.
=650  \0$aAuthors, Iranian$y20th century$vBiography.
=700  1\$6880-07$aQanbarī, Umīd,$eeditor.
=710  2\$6880-08$aAnjuman-i Ās̲ār va Mafākhir-i Farhangī.
=852  0\$aNNU$bBOBST$cMAIN$hPK6561.N583$iZ56 2014$p31142056714010
=880  1\$6100-01/(3/r$aنيسارى، سليم.
=880  10$6245-02/(3/r$aزندگى‌نامه و خدمات علمى و فرهنگى استاد دکتر سليم نيسارى =$bBiography & academic life of Dr. Salim Neysari /$cويراستار اميد قنبرى.
=880  \1$6264-03/(3/r$aتهران :$bانجمن آثار و مفاخر فرهنگى،$c1393 [2014 or 2015].
=880  0\$6490-04/(3/r$aانجمن آثار و مفاخر فرهنگى ؛$v125
=880  0\$6490-05/(3/r$aسلسله انتشارات و مجموعه زندگى‌نامه‌ها ؛$v586/125
=880  14$6600-06/(3/r$aنيسارى، سليم.
=880  1\$6700-07/(3/r$aقنبرى، اميد.
=880  2\$6710-08/(3/r$aانجمن آثار و مفاخر فرهنگى.
=994  \\$aC0$bTEF

