=LDR  01112cam a2200361 a 4500
=001  004149576
=003  NNU
=005  20160418035855.0
=008  110222s2014\\\\ir\\\\\\\\\\\\000\f\per\d
=040  \\$aHLS$beng$cHLS$dOCLCQ$dTEF
=066  \\$c(3$c(4
=020  \\$a9786006605814
=020  \\$a6006605813
=035  \\$a(OCoLC)909990446
=050  \4$aPK6562.24.A35$bA46 2014
=049  \\$aZYUU
=100  1\$6880-01$aNabī, Mays̲am.
=245  10$6880-02$aĀlmā /$cMays̲am Nabī.
=250  \\$6880-03$aChāp-i 1.
=260  \\$6880-04$aTihrān :$bNashr-i Āmūt,$c1393 [2014].
=300  \\$a171 pages ;$c21 cm
=336  \\$atext$btxt$2rdacontent
=337  \\$aunmediated$bn$2rdamedia
=338  \\$avolume$bnc$2rdacarrier
=500  \\$aNovel.
=546  \\$aIn Persian.
=752  \\$aIran$dTehran.
=852  0\$aNNU$bBOBST$cMAIN$hPK6562.24.A35$iA46 2014$p31142056714127
=880  1\$6100-01/(3/r$aنبى، مىثم.
=880  10$6245-02/(3/r$aآلما /$cمىثم نبى.
=880  \\$6250-03/(4/r$aچاپ 1.
=880  \\$6260-04/(3/r$aتهران :$bنشر آموت،$c1393 [2014].
=994  \\$aC0$bTEF

