=LDR  02265cam a2200565 i 4500
=001  004149609
=003  NNU
=005  20160418035647.0
=008  150409s2014\\\\ir\a\\\\\b\\\\001\0cper\\
=010  \\$a  2015325234
=040  \\$aDLC$beng$erda$cDLC$dOCLCO$dOCLCF$dOCL$dTEF
=066  \\$c(3$c(4
=020  \\$a9789641903512
=020  \\$a9641903519
=035  \\$a(OCoLC)907133580
=037  \\$aLibrary of Congress -- Islamabad Overseas Office
=042  \\$alcode
=043  \\$aa-ir---
=050  \4$aDS324.G5$bY888 2014
=049  \\$aZYUU
=100  1\$6880-01$aYūsufdihī, Hūman,$d1969 or 1970-
=245  10$6880-02$aUstāndārān-i Gīlān az āghāz tā 1357 /$cHūman Yūsufdihī
=250  \\$6880-03$aChāp-i nukhust.
=264  \1$6880-04$aRasht :$bFarhang-i Īliyā,$c2014.
=300  \\$a153 pages :$billustrations ;$c22 cm
=336  \\$atext$2rdacontent
=337  \\$aunmediated$2rdamedia
=338  \\$avolume$2rdacarrier
=504  \\$aIncludes bibliographical references (pages 146-148) and index.
=520  \\$aGovernors - Iran - Gīlān - 20th century ; Iran - History - Pahlavi dynasty, 1925-1979.
=546  \\$aIn Persian.
=500  \\$a"Ḥawzah-i Hunarī-i Gīlān"--Page 4 of cover.
=650  \0$aGovernors$zIran$zGīlān (Province)$vBiography.
=651  \0$aIran$xHistory$yQajar dynasty, 1794-1925.
=651  \0$aGīlān (Iran : Province)$xHistory.
=650  \7$aGovernors.$2fast$0(OCoLC)fst00945704
=650  \7$aQajar Dynasty (Iran)$2fast$0(OCoLC)fst01696769
=651  \7$aIran.$2fast$0(OCoLC)fst01204889
=651  \7$aIran$zGīlān (Province)$2fast$0(OCoLC)fst01735693
=648  \7$a1794-1925$2fast
=655  \7$aBiography.$2fast$0(OCoLC)fst01423686
=655  \7$aHistory.$2fast$0(OCoLC)fst01411628
=710  2\$6880-05$aḤawzah-i Hunarī-i Gīlān.
=852  0\$aNNU$bBOBST$cMAIN$hDS324.G5$iY888 2014$p31142056714192
=880  1\$6100-01/(3/r$aيوسفدهى، هومن.
=880  10$6245-02/(3/r$aاستانداران گيلان از آغاز تا ١٣٥٧ /$cهومن يوسفدهى
=880  \\$6250-03/(4/r$aچاپ نخست.
=880  \1$6264-04/(3/r$aرشت :$bفرهنگ ايليا،$c2014.
=880  2\$6710-05/(3/r$aحوزه هنرى گيلان.
=994  \\$aC0$bTEF

