=LDR  01505nam a2200385 i 4500
=001  004149617
=003  NNU
=005  20160418042054.0
=008  160418s2014\\\\ir\a\\\\\b\\\\000\0\per\d
=040  \\$aNNU$beng$erda$cTEF
=066  \\$c(3$c(4
=020  \\$a9786006299327$cprint
=020  \\$a6006299321$cprint
=035  \\$a(OCoLC)946890402
=050  \4$aBF692.5$b.Y368 2014
=049  \\$aZYUU
=100  1\$6880-01$aYaʻqūbī, ʻAlī,$eauthor.
=245  10$6880-02$aNaẓarīyahʹhā-yi mardangī :$bbā taʼkīd bar rūykardʹhā-yi jāmiʻahʹshinākhtī /$cDuktur ʻAlī Yaʻqūbī.
=250  \\$6880-03$aChāp-i nukhast.
=264  \1$6880-04$aTihrān :$bNashr-i Pizhvāk,$c1393 [2014 or 2015].
=300  \\$a236 pages :$billustrations ;$c22 cm
=336  \\$atext$btxt$2rdacontent
=337  \\$aunmediated$bn$2rdamedia
=338  \\$avolume$bnc$2rdacarrier
=546  \\$aIn Persian.
=504  \\$aIncludes bibliographical references (pages 223-232).
=650  \0$aMasculinity.
=650  \0$aMen$xPsychology.
=650  \0$aFeminism.
=852  0\$aNNU$bBOBST$cMAIN$hBF692.5$i.Y368 2014$p31142056714200
=880  1\$6100-01/(3/r$aىعقوبى، على،$eauthor.
=880  10$6245-02/(3/r$aنظريه‌هاى مردنگى :$bبا تأکىد بر روىکرد‌هاى جامعه‌شناختى /$cدکتر على ىعقوبى.
=880  \\$6250-03/(4/r$aچاپ نخست.
=880  \1$6264-04/(3/r$aتهران :$bنشر پژواک،$c1393 [2014 or 2015].
=994  \\$aC0$bTEF

