=LDR  02158cam a2200481 i 4500
=001  004149632
=003  NNU
=005  20160418023236.0
=008  150130s2013\\\\ir\\\\\\\b\\\\000\0\per\\
=010  \\$a  2014310712
=040  \\$aDLC$beng$erda$cDLC$dTEF
=066  \\$c(3$c(4
=020  \\$a9786001931390
=020  \\$a6001931399
=035  \\$a(OCoLC)902599244
=037  \\$aLibrary of Congress -- Islamabad Overseas Office
=042  \\$alcode
=050  \4$aK230$b.M843 2013
=049  \\$aZYUU
=100  1\$6880-01$aMuḥammad Ghafūrī, Muḥammad Riz̤ā,$eauthor.
=245  10$6880-02$aIstidlāl-i qaz̤āyī dar dū niẓām-i buzurg-i ḥuqūqī-i ṣūratgarā va vāqiʻʹgarā /$ctaʼlīf-i, Muḥammad Riz̤ā Muḥammad Ghafūrī.
=246  3\$6880-03$aIstidlāl-i qaz̤āʼī dar dū niẓām-i buzurg-i ḥuqūqī-i ṣūratgarā va vāqiʻʹgarā
=250  \\$6880-04$aChāp-i avval.
=264  \1$6880-05$aTihrān :$bIntishārāt-i Majd,$c1392 [2013 or 2014]
=300  \\$a372 pages ;$c24 cm
=336  \\$atext$btxt$2rdacontent
=337  \\$aunmediated$bn$2rdamedia
=338  \\$avolume$bnc$2rdacarrier
=500  \\$a"Majmaʻ-i ʻIlmī va Farhangī-i Majd".
=500  \\$a"462/1572"--Spine.
=504  \\$aIncludes bibliographical references (pages 369-371).
=546  \\$aIn Persian.
=650  \0$aLaw$xPhilosophy.
=650  \0$aJurisprudence.
=710  2\$6880-06$aMajmaʻ-i ʻIlmī va Farhangī-i Majd,$esponsoring body.
=852  0\$aNNU$bBOBST$cMAIN$hK230$i.M843 2013$p31142056714291
=880  1\$6100-01/(3/r$aمحمد غفورى، محمد رضا.
=880  10$6245-02/(3/r$aاستدلال قضايى در دو نظام بزرگ حقوقى صورتگرا و واقع‌گرا /$cتأليف، محمد رضا محمد غفورى.
=880  3\$6246-03/(3/r$aاستدلال قضائى در دو نظام بزرگ حقوقى صورتگرا و واقع‌گرا
=880  \\$6250-04/(4/r$aچاپ اول.
=880  \1$6264-05/(3/r$aتهران :$bانتشارات مجد،$c1392 [2013 or 2014].
=880  2\$6710-06/(3/r$aمجمع علمى و فرهنگى مجد.
=994  \\$aC0$bTEF

