=LDR  01611nam a2200445 i 4500
=001  004149655
=003  NNU
=005  20160419101135.0
=008  160419s2014\\\\ir\\\\\\\\\\\\000\1\per\d
=040  \\$aNNU$beng$erda$cTEF
=066  \\$c(3$c(4
=020  \\$a9789643696665$cprint
=020  \\$a9643696669$cprint
=035  \\$a(OCoLC)946937210
=050  \4$aPK6562.18.A355$bD37 2014
=049  \\$aZYUU
=100  1\$6880-01$aḤājīlū, Maryam,$eauthor.
=245  10$6880-02$aDar khvāb davīdan /$cMaryam Ḥājīlū.
=250  \\$6880-03$aChāp-i avval.
=264  \1$6880-04$aTihrān :$bNashr-i Ufuq,$c1393 [2014 or 2015].
=300  \\$a174pages ;$c22 cm
=336  \\$atext$btxt$2rdacontent
=337  \\$aunmediated$bn$2rdamedia
=338  \\$avolume$bnc$2rdacarrier
=490  1\$6880-05$aAdabīyāt-i imrūz
=490  1\$6880-06$aRumān ;$v75
=546  \\$aIn Persian.
=500  \\$aNovel.
=830  \0$6880-07$aAdabīyāt-i imrūz (Nashr-i Ufuq)
=830  \0$6880-08$aRumān (Nashr-i Ufuq) ;$v75.
=852  0\$aNNU$bBOBST$cMAIN$hPK6562.18.A355$iD37 2014$p31142056714390
=880  1\$6100-01/(3/r$aحاجىلو، مرىم،$eauthor.
=880  10$6245-02/(3/r$aدر خواب دوىدن /$cمرىم حاجىلو.
=880  \\$6250-03/(4/r$aچاپ اول.
=880  \1$6264-04/(3/r$aتهران :$bنشر افق،$c1393 [2014 or 2015].
=880  1\$6490-05/(3/r$aادبيات امروز
=880  1\$6490-06/(3/r$aرمان ؛$v75
=880  \0$6830-07/(3/r$aادبيات امروز (نشر افق)
=880  \0$6830-08/(3/r$aرمان (نشر افق) ؛$v75.
=994  \\$aC0$bTEF

