=LDR  02739cam a2200481 i 4500
=001  004149613
=003  NNU
=005  20160418022444.0
=008  150130s2014\\\\ir\\\\\\\c\\\\000\0\per\\
=010  \\$a  2014310701
=040  \\$aDLC$beng$erda$cDLC$dOCLCO$dTEF
=066  \\$c(3$c(4
=020  \\$a9789649886145
=020  \\$a9649886141
=035  \\$a(OCoLC)902599253
=037  \\$aLibrary of Congress -- Islamabad Overseas Office
=042  \\$alcode
=050  \4$aZ6601$b.H883 2014
=049  \\$aZYUU
=100  1\$6880-01$aḤusaynī al-Ishkavarī, Ṣādiq.
=245  10$6880-02$aKitābchah-i Tīr-i 93 :$bakhbār-i nuskhahʹhā-yi khaṭṭī, asnād, tārīkh-i ʻilm va farhang bar asās-i barkhī az shanīdahʹhā, dīdahʹhā va khvāndahʹhā, hamrāh bā majmūʻah-i maqālātī dar ḥawzah-i tārīkh va farhang = Ketabche Tir 93 (June 2014) /$ctahīyahʹshudah barā-yi, Majmaʻ-i Z̲akhāʼir-i Islāmī va Muʼassasah-i Tārīkh-i ʻIlm va Farhang (Qum, Iran) ; bih kūshish-i Sayyid Ṣādiq Ḥusaynī Ishkavarī.
=246  1\$iTitle on page 4 of cover:$aKetabche Tir 93 (June 2014)
=250  \\$6880-03$aChāp-i avval.
=264  \1$6880-04$aQum :$bMajmaʻ-i Z̲akhāʼir-i Islāmī,$c2014.
=300  \\$a355 pages ;$c23 cm.
=336  \\$atext$2rdacontent
=337  \\$aunmediated$2rdamedia
=338  \\$avolume$2rdacarrier
=490  0\$6880-05$aKitābchah-i ;$v21
=546  \\$aIn Persian.
=650  \0$aManuscripts$vCatalogs.
=711  2\$aInternational Seminar of Iran-Iraq Common Heritage$d(2013 :$cQum, Iran)
=710  2\$6880-06$aMajmaʻ-i Z̲akhāʼir-i Islāmī (Qum, Iran)
=710  2\$6880-07$aMuʼassasah-i Tārīkh-i ʻIlm va Farhang.
=852  0\$aNNU$bBOBST$cMAIN$hZ6601$i.H883 2014$3V.21$p31142056714580
=880  1\$6100-01/(3/r$aحسينى الاشکورى، صادق.
=880  10$6245-02/(4/r$aکتابچه تير ٩٣ :$bاخبار نسخه‌هاى خطى، اسناد، تاريخ علم و فرهنگ بر اساس برخى از شنيده‌ها، ديده‌ها و خوانده‌ها، همراه با مجموعه مقالاتى در حوزه تاريخ و فرهنگ = Ketabche Tir 93 (June 2014) /$cتهيه‌شده براى، مجمع ذخائر اسلامى و مؤسسه تاريخ علم و فرهنگ (قم، ارن) ؛ به کوشش سيد صادق حسينى اشکورى.
=880  \\$6250-03/(4/r$aچاپ اول.
=880  \1$6264-04/(3/r$aقم :$bمجمع ذخائر اسلامى،$c2014.
=880  0\$6490-05/(4/r$aکتابچه ؛$v21
=880  2\$6710-06/(3/r$aمجمع ذخائر اسلامى (قم، اىران)
=880  2\$6710-07/(3/r$aمؤسسه تاريخ علم و فرهنگ.
=994  \\$aC0$bTEF

