=LDR  01649cam a2200433 i 4500
=001  004149656
=003  NNU
=005  20160418040245.0
=008  150130s2014\\\\ir\\\\\\\\\\\\000\1\per\\
=010  \\$a  2014310745
=040  \\$aDLC$beng$erda$cDLC$dTEF
=066  \\$c(3$c(4
=020  \\$a9789644428791
=020  \\$a964442879X
=035  \\$a(OCoLC)902599302
=037  \\$aLibrary of Congress -- Islamabad Overseas Office
=042  \\$alcode
=050  \4$aPK6562.24.I334$bD37 2014
=049  \\$aZYUU
=100  1\$6880-01$aNīk Afrāz, Mihrʹangīz,$eauthor.
=245  10$6880-02$aDarrah-yi sargardānī /$cMihrʹangīz Nīk Afrāz (Mihrānah) ; vīrāstār, Muḥsin Ās̲ārʹjūy.
=246  3\$6880-03$aDarrah-i sargardānī
=250  \\$6880-04$aChāp-i avval.
=264  \1$6880-05$aTihrān :$bNashr-i Alburz,$c1393 [2014].
=300  \\$a548 pages ;$c22 cm
=336  \\$atext$2rdacontent
=337  \\$aunmediated$2rdamedia
=338  \\$avolume$2rdacarrier
=500  \\$aNovel.
=546  \\$aIn Persian.
=700  1\$6880-06$aĀs̲ārʹjūy, Muḥsin,$eeditor.
=852  0\$aNNU$bBOBST$cMAIN$hPK6562.24.I334$iD37 2014$p31142056714408
=880  1\$6100-01/(3/r$aنيک افراز، مهرانگيز،
=880  10$6245-02/(3/r$aدره‌ى سرگردانى/$cمهر‌انگيز نيک افراز (مهرانه) ؛ ويراستار، محسن آثار‌جوى.
=880  3\$6246-03/(3/r$aدره سرگردانى
=880  \\$6250-04/(4/r$aچاپ اول.
=880  \1$6264-05/(3/r$aتهران :$bنشر البرز،$c1393 [2014].
=880  1\$6700-06/(3/r$aآثار‌جوى، محسن.
=994  \\$aC0$bTEF

