=LDR  01485cam a2200409 i 4500
=001  004149659
=003  NNU
=005  20160418032352.0
=008  150130s2014\\\\ir\\\\\\\\\\\\000\1\per\\
=010  \\$a  2014310747
=040  \\$aDLC$beng$erda$cDLC$dTEF
=066  \\$c(3$c(4
=020  \\$a9786006835471
=020  \\$a6006835479
=035  \\$a(OCoLC)902599303
=037  \\$aLibrary of Congress -- Islamabad Overseas Office
=042  \\$alcode
=050  \4$aPK6562.14.I336$bK34 2014
=049  \\$aZYUU
=100  1\$6880-01$aDihqānī, Naghmah,$d1972 or 1973-$eauthor.
=245  10$6880-02$aKāfah-i muhājir :$bmajmūʻah-i dāstān-i kūtah /$cNaghmah Dihqānī.
=250  \\$6880-03$aChāp-i avval.
=264  \1$6880-04$a[Tihrān] :$bIntishārāt-i Bih Nigār,$c1393 [2014].
=300  \\$a99 pages ;$c21 cm.
=336  \\$atext$2rdacontent
=337  \\$aunmediated$2rdamedia
=338  \\$avolume$2rdacarrier
=490  0\$6880-05$aMajmūʻah-i nawʹnigār
=500  \\$aShort stories.
=546  \\$aIn Persian.
=852  0\$aNNU$bBOBST$cMAIN$hPK6562.14.I336$iK34 2014$p31142056714432
=880  1\$6100-01/(3/r$aدهقانى، نغمه.
=880  10$6245-02/(4/r$aکافه مهاجر :$bمجموعه داستان کوته /$cنغمه دهقانى.
=880  \\$6250-03/(4/r$aچاپ اول.
=880  \1$6264-04/(3/r$a[تهران] :$bانتشارات به نگار،$c1393 [2014].
=880  0\$6490-05/(3/r$aمجموعه نو‌نگار
=994  \\$aC0$bTEF

