=LDR  01521cam a2200409 i 4500
=001  004149663
=003  NNU
=005  20160418035042.0
=008  150130s2014\\\\ir\a\\\\\\\\\\000\1\per\\
=010  \\$a  2014310751
=040  \\$aDLC$beng$erda$cDLC$dOCLCO$dTEF
=066  \\$c(3$c(4
=020  \\$a9786001942112
=020  \\$a6001942110
=035  \\$a(OCoLC)902138956
=037  \\$aLibrary of Congress -- Islamabad Overseas Office
=042  \\$alcode
=050  \4$aPK6561.F358$bQ58 2014
=049  \\$aZYUU
=100  1\$6880-01$aFakūr, Suhaylā,$d1963 or 1964-$eauthor.
=245  10$6880-02$aQiṣṣahʹhā-yi mādām /$cSuhaylā Fakūr ; taṣvīrʹgar, Zahrā Fakhrāyī.
=250  \\$6880-03$aChāp-i nukhust.
=264  \1$6880-04$a[Tihrān] :$bNashr-i Ḥawz̤-i Nuqrah,$c[13]93 [2014].
=300  \\$a127 pages :$billustrations ;$c22 cm
=336  \\$atext$2rdacontent
=337  \\$aunmediated$2rdamedia
=338  \\$avolume$2rdacarrier
=500  \\$aShort stories.
=546  \\$aIn Persian.
=700  1\$6880-05$aFakhrāyī, Zahrā,$eillustrator.
=852  0\$aNNU$bBOBST$cMAIN$hPK6561.F358$iQ58 2014$p31142056714473
=880  1\$6100-01/(3/r$aفکور، سهيلا.
=880  10$6245-02/(3/r$aقصه‌هاى مادام /$cسهيلا فکور ؛ تصويرگر، زهرا فخرايى.
=880  \\$6250-03/(4/r$aچاپ نخست.
=880  \1$6264-04/(3/r$a[تهران] :$bنشر حوض نقره،$c[13]93 [2014].
=880  1\$6700-05/(3/r$aفخرايى، زهرا.
=994  \\$aC0$bTEF

