=LDR  01255cam a2200373 a 4500
=001  004149668
=003  NNU
=005  20160418030943.0
=008  110222s2014\\\\ir\\\\\\\\\\\\000\f\per\d
=040  \\$aHLS$beng$cHLS$dOCLCQ$dTEF
=066  \\$c(3$c(4
=020  \\$a9789643344801
=020  \\$a9643344800
=035  \\$a(OCoLC)913151497
=050  \4$aPK6562.29.S258$bY38 2014
=049  \\$aZYUU
=100  1\$6880-01$aSāʻīʹvar, Nādir.
=245  10$6880-02$aYāshmāq /$cNādir Sāʻīʹvar.
=250  \\$6880-03$aChāp-i 1.
=260  \\$6880-04$aTihrān :$bIntishārāt-i Rawzanah,$c1393 [2014].
=300  \\$a205 pages ;$c20 cm.
=336  \\$atext$btxt$2rdacontent
=337  \\$aunmediated$bn$2rdamedia
=338  \\$avolume$bnc$2rdacarrier
=490  0\$6880-05$aRumān-i Īrānī ;$v8
=500  \\$aNovel.
=752  \\$aIran$dTehran.
=852  0\$aNNU$bBOBST$cMAIN$hPK6562.29.S258$iY38 2014$p31142056714630
=880  1\$6100-01/(3/r$aساعى‌ور، نادر.
=880  10$6245-02/(3/r$aىاشماق /$cنادر ساعى‌ور.
=880  \\$6250-03/(4/r$aچاپ 1.
=880  \\$6260-04/(3/r$aتهران :$bانتشارات روزنه،$c1393 [2014].
=880  0\$6490-05/(3/r$aرمان اىرانى ؛$v8
=994  \\$aC0$bTEF

