=LDR  01908cam a2200469 i 4500
=001  004149669
=003  NNU
=005  20160418033511.0
=008  150130s2014\\\\ir\\\\\\\\\\\\000\1\per\\
=010  \\$a  2014310755
=040  \\$aDLC$beng$erda$cDLC$dTEF
=066  \\$c(3$c(4
=020  \\$a9786002293626
=020  \\$a6002293620
=029  1\$aAU@$b000054139264
=035  \\$a(OCoLC)902138964
=037  \\$aLibrary of Congress -- Islamabad Overseas Office
=042  \\$alcode
=050  \4$aPK6562.2.A435$bY54 2014
=049  \\$aZYUU
=100  1\$6880-01$aJamālʹābādī, Sārā,$d1980 or 1981-$eauthor.
=245  10$6880-02$aYih daqīqah ḥarf nazan! :$bmajmūʻah-i dāstān /$cSārā Jamālʹābādī ; vīrāstār, ʻAlī Ḥasanʹābādī.
=250  \\$6880-03$aChāp-i avval.
=264  \1$6880-04$aTihrān :$bNashr-i Chashmah,$c1393 [2014].
=300  \\$a121 pages ;$c21 cm
=336  \\$atext$btxt$2rdacontent
=337  \\$aunmediated$bn$2rdamedia
=338  \\$avolume$bnc$2rdacarrier
=490  0\$6880-05$aJahān-i tāzah-i dāstān
=500  \\$aShort stories.
=546  \\$aIn Persian.
=500  \\$a"Dāstān-i Fārsī, Jahān-i tāzah-yi dāstān"--Page 4 of cover.
=520  \\$aShort stories, Persian - 20th century.
=700  1\$6880-06$aḤasanʹābādī, ʻAlī,$eeditor.
=852  0\$aNNU$bBOBST$cMAIN$hPK6562.2.A435$iY54 2014$p31142056714648
=880  1\$6100-01/(3/r$aجمال‌آبادى، سارا.
=880  10$6245-02/(3/r$aيه دقيقه حرف نزن! :$bمجموعه داستان /$cسارا جمال‌آبادى ؛ ويراستار، على حسن‌آبادى.
=880  \\$6250-03/(4/r$aچاپ اول.
=880  \1$6264-04/(3/r$aتهران :$bنشر چشمه،$c1393 [2014].
=880  0\$6490-05/(3/r$aجهان تازه داستان
=880  1\$6700-06/(3/r$aحسن‌آبادى، على.
=994  \\$aC0$bTEF

