=LDR  02096cam a2200517 i 4500
=001  004149688
=003  NNU
=005  20160418034713.0
=008  150130s2014\\\\ir\\\\\\\b\\\\000\0\per\\
=010  \\$a  2014310772
=040  \\$aDLC$beng$erda$cDLC$dOCLCO$dHLS$dOCLCO$dOCLCF$dTEF
=066  \\$c(3$c(4
=020  \\$a9786007212493
=020  \\$a6007212491
=035  \\$a(OCoLC)902138873
=037  \\$aLibrary of Congress -- Islamabad Overseas Office
=042  \\$alcode
=043  \\$aa-ir---
=050  \4$aDS318.8$b.M883 2014
=049  \\$aZYUU
=100  1\$6880-01$aMūsavīʹnizhād, Sayyid Valī,$eauthor.
=245  10$6880-02$aPīchīdagī-i siyāsat dar Īrān /$cSayyid Valī Mūsavīʹnizhād ; vīrāstār, Firishtah Nawbakhtī.
=250  \\$6880-03$aChāp-i avval.
=264  \1$6880-04$aTihrān :$bIntishārāt-i Tīsā,$c1393 [2014].
=300  \\$a230 pages ;$c21 cm.
=336  \\$atext$btxt$2rdacontent
=337  \\$aunmediated$bn$2rdamedia
=338  \\$avolume$bnc$2rdacarrier
=490  0\$6880-05$aKitāb-i guft va gū ;$v5
=500  \\$a"Shumārah-ʼi nashr, 130"--Title page verso.
=504  \\$aIncludes bibliographical references (pages 219-230).
=520  \\$aIran - Politics and government - 1997-
=546  \\$aIn Persian.
=651  \0$aIran$xPolitics and government$y1997-
=650  \7$aPolitics and government.$2fast$0(OCoLC)fst01919741
=651  \7$aIran.$2fast$0(OCoLC)fst01204889
=648  \7$aSince 1997$2fast
=700  1\$6880-06$aNawbakht, Firishtah,$d1975-$eeditor.
=852  0\$aNNU$bBOBST$cMAIN$hDS318.8$i.M883 2014$p31142056714788
=880  1\$6100-01/(3/r$aموسوى‌نژاد، سيد ولى.
=880  10$6245-02/(4/r$aپيچيدگى سياست در ايران /$cسيد ولى موسوى‌نژاد ؛ ويراستار، فرشته نوبختى.
=880  \\$6250-03/(4/r$aچاپ اول.
=880  \1$6264-04/(3/r$aتهران :$bانتشارات تيسا،$c1393 [2014].
=880  0\$6490-05/(4/r$aکتاب گفت و گو ؛$v5
=880  1\$6700-06/(3/r$aنوبخت، فرشته.
=994  \\$aC0$bTEF

