=LDR  01832cam a2200445 i 4500
=001  004149689
=003  NNU
=005  20160418030259.0
=008  141208s2014\\\\ir\\\\\\\\\\\\000\0\pero\
=010  \\$a  2014310612
=040  \\$aDLC$beng$erda$cDLC$dOCLCO$dHVL$dOCLCO$dOCLCF$dTEF
=066  \\$c(3$c(4
=020  \\$a9786009427659
=020  \\$a6009427657
=035  \\$a(OCoLC)897946790
=037  \\$aLibrary of Congress -- Islamabad Overseas Office
=042  \\$alcode
=043  \\$aa-ir---
=050  \4$aKMH550$b.A454 2014
=049  \\$aZYUU
=100  1\$6880-01$aAfkhamī ʻAqdā, Ilāhah,$d1981 or 1982-
=245  10$6880-02$aḤuqūq va tābiʻīyat-i zan dar izdivājʹhā-yi bayn al-milalī-i āmīkhtah /$cmuʼallif, Ilāhah Afkhamī ʻAqdā
=250  \\$6880-03$aChāp-i avval.
=264  \1$6880-04$aTihrān :$bNashr-i Taʻālī,$c1393 [2014 or 2015].
=300  \\$a119 pages ;$c24 cm
=336  \\$atext$2rdacontent
=337  \\$aunmediated$2rdamedia
=338  \\$avolume$2rdacarrier
=520  \\$aMarried women - Legal status, laws, etc.; Married women - Legal status, laws, etc.- Iran.
=546  \\$aIn Persian.
=650  \0$aMarried women$xLegal status, laws, etc.
=650  \0$aMarried women$xLegal status, laws, etc.$zIran.
=650  \7$aMarried women$xLegal status, laws, etc.$2fast$0(OCoLC)fst01010718
=651  \7$aIran.$2fast$0(OCoLC)fst01204889
=852  0\$aNNU$bBOBST$cMAIN$hKMH550$i.A454 2014$p31142056714796
=880  1\$6100-01/(3/r$aافخمى عقدا، الهه.
=880  10$6245-02/(3/r$aحقوق و تابعيت زن در ازدواج‌هاى بين المللى آميخته /$cمؤلف، الهه افخمى عقدا
=880  \\$6250-03/(4/r$aچاپ اول.
=880  \1$6264-04/(3/r$aتهران :$bنشر تعالى،$c1393 [2014 or 2015].
=994  \\$aC0$bTEF

