=LDR  01690cam a2200445 i 4500
=001  004159737
=003  NNU
=005  20160418021433.0
=008  140604s2013\\\\fr\\\\\\\\\\\\000\j\per\\
=010  \\$a  2014371690
=040  \\$aDLC$beng$erda$cDLC$dHLS$dOCLCO$dOCLCF$dLTSCA$dTEF
=066  \\$c(3$c(4
=020  \\$a9782366123043
=020  \\$a2366123043
=035  \\$a(OCoLC)881065448
=050  \4$aPK6562.23.A789$bK43 2013
=082  04$a891.5534$223
=049  \\$aZYUU
=100  1\$6880-01$aMarzbān, Kiyūmars̲.
=245  10$6880-02$aKhām budam, pukhtah shudam, balkah pasandīdah shudam /$cKiyūmars̲ Marzbān.
=250  \\$6880-03$aChāp-i nukhust.
=264  \1$6880-04$aPārīs :$bNashr-i Nākujā,$c2013.
=300  \\$a216 pages ;$c23 cm.
=336  \\$atext$btxt$2rdacontent
=337  \\$aunmediated$bn$2rdamedia
=338  \\$avolume$bnc$2rdacarrier
=490  0\$6880-05$aMajmūʻah-i safar bih dīgar sū, dāstān-i kūtāh
=500  \\$aShort stories.
=546  \\$aIn Persian.
=651  \0$aIran$xGeography$vFiction.
=650  \7$aGeography.$2fast$0(OCoLC)fst00940469
=651  \7$aIran.$2fast$0(OCoLC)fst01204889
=655  \7$aFiction.$2fast$0(OCoLC)fst01423787
=852  0\$aNNU$bBOBST$cMAIN$hPK6562.23.A789$iK43 2013$p31142056714887
=880  1\$6100-01/(3/r$aمرزبان، کيومرث.
=880  10$6245-02/(3/r$aخام بدم، پخته شدم، بلکه پسنديده شدم /$cکيومرث مرزبان.
=880  \\$6250-03/(4/r$aچاپ نخست.
=880  \1$6264-04/(4/r$aپاريس :$bنشر ناکجا،$c2013.
=880  0\$6490-05/(3/r$aمجموعه سفر به ديگر سو، داستان کوتاه
=994  \\$aC0$bTEF

