=LDR  01040cam a2200337 i 4500
=001  004159794
=003  NNU
=005  20160418030644.0
=008  140820s2013\\\\sw\\\\\\\\\\\\000\p\per\\
=010  \\$a  2014428012
=040  \\$aDLC$beng$erda$cDLC$dTEF
=066  \\$c(3$c(4
=020  \\$a9789163729973
=020  \\$a9163729970
=035  \\$a(OCoLC)888402883
=050  \4$aPK6562.24.I94$bS5 2013
=049  \\$aZYUU
=100  1\$6880-01$aNizhādʹmihr, Rasūl.
=245  10$6880-02$aSīʹpārah =$bFragments /$cRasūl Nizhādʹmihr.
=246  15$aFragments
=264  \1$a[Sweden] :$bRumi Gothenburg,$c2013.
=300  \\$a79 pages ;$c17 cm
=336  \\$atext$btxt$2rdacontent
=337  \\$aunmediated$bn$2rdamedia
=338  \\$avolume$bnc$2rdacarrier
=500  \\$aPoems.
=546  \\$aIn Persian.
=852  0\$aNNU$bBOBST$cMAIN$hPK6562.24.I94$iS5 2013$p31142056714945
=880  1\$6100-01/(3/r$aنژاد‌مهر، رسول.
=880  10$6245-02/(3/r$aسى‌پاره =$bFragments /$cرسول نژاد‌مهر.
=994  \\$aC0$bTEF

