=LDR  01513cam a2200409 i 4500
=001  004159727
=003  NNU
=005  20160418021040.0
=008  140604s2014\\\\fr\\\\\\\\\\\\000\j\per\\
=010  \\$a  2014371691
=040  \\$aDLC$beng$erda$cDLC$dHLS$dOCLCO$dOCLCF$dTEF
=066  \\$c(3$c(4
=020  \\$a9782366122930
=020  \\$a2366122934
=020  \\$a9782366123043
=020  \\$a2366123043
=035  \\$a(OCoLC)881065449
=050  \4$aPK6562.29.H537$bA33 2014
=049  \\$aZYUU
=100  1\$6880-01$aShiʻār, ʻAlī Ismāʻīl.
=245  10$6880-02$aĀfarīnish rū-yi bārīkah-yi mūkit /$cʻAlī Ismāʻīl Shiʻār.
=250  \\$6880-03$aChāp-i nukhust.
=264  \1$6880-04$aPārīs :$bNashr-i Nākujā,$c2014.
=300  \\$a148 pages ;$c23 cm.
=336  \\$atext$btxt$2rdacontent
=337  \\$aunmediated$bn$2rdamedia
=338  \\$avolume$bnc$2rdacarrier
=490  0\$6880-05$aMajmūʻah-i safar bih dīgar sū, dāstān-i kūtāh
=500  \\$aShort stories.
=546  \\$aIn Persian.
=852  0\$aNNU$bBOBST$cMAIN$hPK6562.29.H537$iA33 2014$p31142056714978
=880  1\$6100-01/(3/r$aشعار، على اسماعيل.
=880  10$6245-02/(3/r$aآفرينش روى باريکه‌ى موکت /$cعلى اسماعيل شعار.
=880  \\$6250-03/(4/r$aچاپ نخست.
=880  \1$6264-04/(4/r$aپاريس :$bنشر ناکجا،$c2014.
=880  0\$6490-05/(3/r$aمجموعه سفر به ديگر سو، داستان کوتاه
=994  \\$aC0$bTEF

