=LDR  01068nam a2200313 c 4500
=001  004159705
=003  NNU
=005  20160419105519.0
=008  160419s2013\\\\onc\\\\\\\\\\\000\1\per\d
=040  \\$aNNU$beng$erda$cTEF
=066  \\$c(3$c(4
=035  \\$a(OCoLC)946940525
=050  \4$aPK6562.19.A45$bD8 2013
=049  \\$aZYUU
=100  1\$6880-01$aJāmī, Ānāhītā,$eauthor.
=245  10$6880-02$aDū māhī /$cĀnāhītā Jāmī.
=250  \\$6880-03$aChāp-i avval.
=264  \1$6880-04$a[Toronto] :$bIntishārāt-i Pigāh,$c2013.
=300  \\$a43 pages ;$c22 cm
=336  \\$atext$btxt$2rdacontent
=337  \\$aunmediated$bn$2rdamedia
=338  \\$avolume$bnc$2rdacarrier
=546  \\$aIn Persian.
=852  0\$aNNU$bBOBST$cMAIN$hPK6562.19.A45$iD8 2013$p31142056715017
=880  1\$6100-01/(3/r$aجامى، آناهىتا،$eauthor.
=880  10$6245-02/(3/r$aدو ماهى /$cآناهىتا جامى.
=880  \\$6250-03/(4/r$aچاپ اول.
=880  \1$6264-04/(3/r$a[Toronto] :$bانتشارات پگاه،$c2013.
=994  \\$aC0$bTEF

