=LDR  01317cam a2200349 i 4500
=001  004159678
=003  NNU
=005  20160419111048.0
=008  140410s2013\\\\lu\\\\\\\\\\\\000\p\per\\
=010  \\$a  2014371400
=040  \\$aDLC$beng$erda$cDLC$dTEF
=066  \\$c(3$c(4
=035  \\$a(OCoLC)881389298
=050  \4$aPK6561.S2686$bD34 2013
=049  \\$aZYUU
=100  1\$6880-01$aSaḥar, M.
=245  10$6880-02$aDaftar-i rubāʻī va tarānahʹhā-yi kūchak-i dīgar :$btarānahʹhā-yi saḥar = Les chants /$cMuḥammad Jalālī Chīmah (M. Saḥar).
=246  14$6880-03$aTarānahʹhā-yi saḥar
=246  15$aChants
=264  \1$6880-04$a[Luxembourg?] :$bPayām,$c2013.
=300  \\$a292 pages ;$c24 cm
=336  \\$atext$btxt$2rdacontent
=337  \\$aunmediated$bn$2rdamedia
=338  \\$avolume$bnc$2rdacarrier
=500  \\$aPoems.
=546  \\$aIn Persian.
=852  0\$aNNU$bBOBST$cMAIN$hPK6561.S2686$iD34 2013$p31142056715041
=880  1\$6100-01/(3/r$aسحر، م.
=880  10$6245-02/(3/r$aدفتر رباعى و ترانه‌هاى کوچک ديگر :$bترانه‌هاى سحر = Les chants /$cمحمد جلالى چيمه (م. سحر).
=880  14$6246-03/(3/r$aترانه‌هاى سحر
=880  \1$6264-04/(3/r$a[Luxembourg؟] :$bپيام،$c2013.
=994  \\$aC0$bTEF

