=LDR  01394cam a2200397 i 4500
=001  004159611
=003  NNU
=005  20160418015928.0
=008  140806s2014\\\\fr\\\\\\\\\\\\000\f\per\\
=010  \\$a  2014428003
=040  \\$aDLC$beng$erda$cDLC$dLTSCA$dTEF
=066  \\$c(3$c(4
=020  \\$a9782366122732
=020  \\$a236612273X
=035  \\$a(OCoLC)885551354
=050  \4$aPK6562.28.A856$bZ89 2014
=082  04$a891.5534$223
=049  \\$aZYUU
=100  1\$6880-01$aRustamʹpūr, Mahdī.
=245  10$6880-02$aZ̲ūzanaqah-ʼi Tajrīsh /$cMahdī Rustamʹpūr.
=250  \\$6880-03$aChāp-i nukhust.
=264  \1$6880-04$aPārīs :$bNashr-i Nākujā,$c2014.
=300  \\$a119 pages ;$c23 cm.
=336  \\$atext$btxt$2rdacontent
=337  \\$aunmediated$bn$2rdamedia
=338  \\$avolume$bnc$2rdacarrier
=490  0\$6880-05$aMajmūʻah-i safar bih dīgar sū, dāstān-i buland
=500  \\$aNovel.
=546  \\$aIn Persian.
=852  0\$aNNU$bBOBST$cMAIN$hPK6562.28.A856$iZ89 2014$p31142056715066
=880  1\$6100-01/(3/r$aرستم‌پور، مهدى.
=880  10$6245-02/(3/r$aذوزنقۀ تجريش /$cمهدى رستم‌پور.
=880  \\$6250-03/(4/r$aچاپ نخست.
=880  \1$6264-04/(4/r$aپاريس :$bنشر ناکجا،$c2014.
=880  0\$6490-05/(3/r$aمجموعه سفر به ديگر سو، داستان بلند
=994  \\$aC0$bTEF

