=LDR  01561cam a2200421 i 4500
=001  004149666
=003  NNU
=005  20160418032553.0
=008  150130s2014\\\\ir\\\\\\\\\\\\000\1\per\\
=010  \\$a  2014310754
=040  \\$aDLC$beng$erda$cDLC$dTEF
=066  \\$c(3$c(4
=020  \\$a9789643638757
=020  \\$a9643638758
=035  \\$a(OCoLC)902138962
=037  \\$aLibrary of Congress -- Islamabad Overseas Office
=042  \\$alcode
=043  \\$aa-ir---$an-us---
=050  \4$aPK6562.27.A473$bT35 2014
=049  \\$aZYUU
=100  1\$6880-01$aQahramānī, Saʻīd,$d1953 or 1954-$eauthor.
=245  10$6880-02$aTajrubahʹī-i Īrānī - Amrīkāyī /$cSaʻīd Qahramānī.
=246  3\$6880-03$aTajrubahʹī-i Īrānī - Amrīkāʼī
=250  \\$6880-04$aChāp-i avval.
=264  \1$6880-05$aTihrān :$bIntishārāt-i Hirmis,$c1393 [2014 or 2015].
=300  \\$a285 pages ;$c22 cm
=336  \\$atext$btxt$2rdacontent
=337  \\$aunmediated$bn$2rdamedia
=338  \\$avolume$bnc$2rdacarrier
=500  \\$aShort stories.
=546  \\$aIn Persian.
=852  0\$aNNU$bBOBST$cMAIN$hPK6562.27.A473$iT35 2014$p31142056715074
=880  1\$6100-01/(3/r$aقهرمانى، سعيد.
=880  10$6245-02/(3/r$aتجربه‌اى ايرانى - امريکايى /$cسعيد قهرمانى.
=880  3\$6246-03/(3/r$aتجربه‌اى ايرانى - امريکائى
=880  \\$6250-04/(4/r$aچاپ اول.
=880  \1$6264-05/(3/r$aتهران :$bانتشارات هرمس،$c1393 [2014 or 2015].
=994  \\$aC0$bTEF

