=LDR  01412cam a2200373 i 4500
=001  004159961
=003  NNU
=005  20160418033147.0
=008  140522s2013\\\\sw\\\\\\\\\\\\000\f\per\\
=010  \\$a  2014371597
=040  \\$aDLC$beng$erda$cDLC$dTEF
=066  \\$c(3$c(4
=020  \\$a9789186065867
=020  \\$a9186065866
=035  \\$a(OCoLC)880809471
=050  \4$aPK6561.M1868$bA95 2013
=049  \\$aZYUU
=100  1\$6880-01$aMahdavī Shahmīrzādī, Mahdī.
=245  10$6880-02$aĀyinahʹhā-yi gird va kūchak-i Sīmīn =$bSimin's round and small looking glasses /$cMahdī Mahdavī Shahmīrzādī.
=246  15$aSimin's round and small looking glasses
=250  \\$6880-03$aChāp-i avval.
=264  \1$6880-04$aSūʼid :$bKitāb-i Arzān,$c2013.
=300  \\$a363 pages ;$c21 cm
=336  \\$atext$btxt$2rdacontent
=337  \\$aunmediated$bn$2rdamedia
=338  \\$avolume$bnc$2rdacarrier
=500  \\$aA novel.
=546  \\$aIn Persian.
=852  0\$aNNU$bBOBST$cMAIN$hPK6561.M1868$iA95 2013$p31142056717245
=880  1\$6100-01/(3/r$aمهدوى شهميرزادى، مهدى.
=880  10$6245-02/(3/r$aآينه‌هاى گرد و کوچک سيمين =$bSimin's round and small looking glasses /$cمهدى مهدوى شهميرزادى.
=880  \\$6250-03/(4/r$aچاپ اول.
=880  \1$6264-04/(3/r$aسوئد :$bکتاب ارزان،$c2013.
=994  \\$aC0$bTEF

