=LDR  01196cam a2200361 i 4500
=001  004159996
=003  NNU
=005  20160418033746.0
=008  140917s2012\\\\ir\\\\\\\\\\\\000\j\per\\
=010  \\$a  2014428408
=040  \\$aDLC$beng$erda$cDLC$dTEF
=066  \\$c(4$c(3
=020  \\$a9781780831657
=020  \\$a178083165X
=035  \\$a(OCoLC)890913866
=042  \\$apcc
=050  \4$aPK6561.K86$bA83 2012
=049  \\$aZYUU
=100  1\$6880-01$aKūshān, Manṣūr.
=245  10$6880-02$aĀvāzʹhā-yi khāmūsh dar tabʻīd =$bQuiet songs in excile /$cManṣūr Kūshān.
=246  15$aQuiet songs in excile
=250  \\$6880-03$aChāp-i avval.
=264  \1$aLondon :$bH&S Media,$c2012.
=300  \\$a154 pages ;$c22 cm
=336  \\$atext$btxt$2rdacontent
=337  \\$aunmediated$bn$2rdamedia
=338  \\$avolume$bnc$2rdacarrier
=500  \\$aShort stories.
=852  0\$aNNU$bBOBST$cMAIN$hPK6561.K86$iA83 2012$p31142056717286
=880  1\$6100-01/(4/r$aکوشان، منصور.
=880  10$6245-02/(3/r$aآواز‌هاى خاموش در تبعيد =$bQuiet songs in excile /$cمنصور کوشان.
=880  \\$6250-03/(4/r$aچاپ اول.
=994  \\$aC0$bTEF

