=LDR  01361cam a2200361 i 4500
=001  004160000
=003  NNU
=005  20160420105248.0
=008  140730s2013\\\\sw\\\\\\\\\\\\000\p\per\\
=010  \\$a  2014428113
=040  \\$aDLC$beng$erda$cDLC$dOCLCO$dTEF
=066  \\$c(3$c(4
=020  \\$a9789186065614
=020  \\$a9186065610
=035  \\$a(OCoLC)889010720
=050  \4$aPK6561.R298$bK48 2013
=049  \\$aZYUU
=100  1\$6880-01$aRavānʹshīd, M.,$d1966-
=245  10$6880-02$aKhudāʹḥāfiẓ ay yādigārhā-yi pinhān - Dar man zanī tanhāst =$bFarewell! - My secret memories /$cM. Ravānʹshīd.
=246  15$aFarewell! - My secret memories
=250  \\$6880-03$aChāp-i avval.
=264  \1$6880-04$aSūʼid :$bNashr-i Arzān,$c2013.
=300  \\$a178 pages ;$c21 cm
=336  \\$atext$btxt$2rdacontent
=337  \\$aunmediated$bn$2rdamedia
=338  \\$avolume$bnc$2rdacarrier
=500  \\$aPoems.
=852  0\$aNNU$bBOBST$cMAIN$hPK6561.R298$iK48 2013$p31142056717294
=880  1\$6100-01/(3/r$aروان‌شيد، م.
=880  10$6245-02/(3/r$aخدا‌حافظ ى يادگارهاى پنهان - در من زنى تنهاست =$bFarewell! - My secret memories /$cم. روان‌شيد.
=880  \\$6250-03/(4/r$aچاپ اول.
=880  \1$6264-04/(3/r$aسوئد :$bنشر ارزان،$c2013.
=994  \\$aC0$bTEF

