=LDR  01370cam a2200397 i 4500
=001  004159997
=003  NNU
=005  20160420104957.0
=008  141128s2014\\\\fr\\\\\\\\\\\\000\f\per\\
=010  \\$a  2014428722
=040  \\$aDLC$beng$erda$cDLC$dLTSCA$dTEF
=066  \\$c(3$c(4
=020  \\$a9782366122947
=020  \\$a2366122942
=035  \\$a(OCoLC)897346468
=050  \4$aPK6562.35.A443$bS85 2014
=082  04$a891.5533$223
=049  \\$aZYUU
=100  1\$6880-01$aYalfānī, Mihrī.
=245  10$6880-02$aSukūt-i Tahmīnah /$cMihrī Yalfānī.
=250  \\$6880-03$aChāp-i nukhust.
=264  \1$6880-04$aPārīs :$bNashr-i Nākujā,$c2014.
=300  \\$a121 pages ;$c21 cm
=336  \\$atext$btxt$2rdacontent
=337  \\$aunmediated$bn$2rdamedia
=338  \\$avolume$bnc$2rdacarrier
=490  0\$6880-05$aMajmūʻah-i safar bih dīgar sū, dāstān-i buland
=500  \\$aNovel.
=546  \\$aIn Persian.
=852  0\$aNNU$bBOBST$cMAIN$hPK6562.35.A443$iS85 2014$p31142056717351
=880  1\$6100-01/(3/r$aيلفانى، مهرى.
=880  10$6245-02/(3/r$aسکوت تهمينه /$cمهرى يلفانى.
=880  \\$6250-03/(4/r$aچاپ نخست.
=880  \1$6264-04/(4/r$aپاريس :$bنشر ناکجا،$c2014.
=880  0\$6490-05/(3/r$aمجموعه سفر به ديگر سو، داستان بلند
=994  \\$aC0$bTEF

