=LDR  01374cam a2200385 i 4500
=001  004160025
=003  NNU
=005  20160420104319.0
=008  150306s2014\\\\sw\\\\\\\\\\\\000\f\per\\
=010  \\$a  2015377194
=040  \\$aDLC$beng$erda$cDLC$dTEF
=066  \\$c(3$c(4
=020  \\$a9789198140026
=020  \\$a9198140027
=035  \\$a(OCoLC)907296731
=041  0\$aper$bswe
=050  \4$aPK6562.23.O299$bK48 2014
=049  \\$aZYUU
=100  1\$6880-01$aMoazzami, Faramarz.
=245  10$6880-02$aKhurramshahr /$cnivīsandah, Farāmarz Muʻaẓimī.
=246  1\$iTitle on page 4 of cover:$aAlas Mullah Omar
=250  \\$6880-03$aChāp-i nukhust.
=264  \1$6880-04$aSūʼid :$bKhānah-ʼi Farhang-i Shāmlū (Ālfābit Māksīmā),$c2014.
=300  \\$a113 pages ;$c21 cm
=336  \\$atext$btxt$2rdacontent
=337  \\$aunmediated$bn$2rdamedia
=338  \\$avolume$bnc$2rdacarrier
=500  \\$aNovel.
=546  \\$aIn Persian; introduction in Swedish.
=852  0\$aNNU$bBOBST$cMAIN$hPK6562.23.O299$iK48 2014$p31142056717369
=880  1\$6100-01/(3/r$aمعظمى، فرامرز.
=880  10$6245-02/(3/r$aخرمشهر /$cنويسنده، فرامرز معظمى.
=880  \\$6250-03/(4/r$aچاپ نخست.
=880  \1$6264-04/(3/r$aسوئد :$bخانۀ فرهنگ شاملو (الفابت ماکسيما)،$c2014.
=994  \\$aC0$bTEF

