=LDR  01109cam a2200361 i 4500
=001  004159993
=003  NNU
=005  20160420094517.0
=008  140820s2013\\\\sw\\\\\\\\\\\\000\p\per\\
=010  \\$a  2014428013
=040  \\$aDLC$beng$erda$cDLC$dTEF
=066  \\$c(3$c(4
=020  \\$a9789163729980
=020  \\$a9163729989
=035  \\$a(OCoLC)888402911
=050  \4$aPK6562.24.I94$bK5 2013
=049  \\$aZYUU
=100  1\$6880-01$aNizhādʹmihr, Rasūl.
=245  10$6880-02$aKitāb =$bThe book /$cRasūl Nizhādʹmihr.
=246  15$aBook
=250  \\$6880-03$aChāp-i nukhust.
=264  \1$a[Sweden] :$bRumi Gothenburg,$c2013.
=300  \\$a104 pages ;$c17 cm
=336  \\$atext$btxt$2rdacontent
=337  \\$aunmediated$bn$2rdamedia
=338  \\$avolume$bnc$2rdacarrier
=500  \\$aPoems.
=546  \\$aIn Persian.
=852  0\$aNNU$bBOBST$cMAIN$hPK6562.24.I94$iK5 2013$p31142056717427
=880  1\$6100-01/(3/r$aنژاد‌مهر، رسول.
=880  10$6245-02/(4/r$aکتاب =$bThe book /$cرسول نژاد‌مهر.
=880  \\$6250-03/(4/r$aچاپ نخست.
=994  \\$aC0$bTEF

