=LDR  02347cam a2200529 i 4500
=001  004202343
=003  NNU
=005  20160420030845.0
=008  160304s2014\\\\ir\a\\\\\b\\\\001\0bper\d
=040  \\$aNOC$beng$erda$cNOC$dOCLCO
=066  \\$c(3$c(4
=020  \\$a9786003000346
=020  \\$a6003000341
=035  \\$a(OCoLC)942986633
=043  \\$aa-ir---
=050  \4$aPK6561.Y33$bZ58 2014
=049  \\$aZYUU
=100  1\$6880-01$aĀz̲arī Shahriz̤āʼī, Riz̤ā,$eauthor.
=245  10$6880-02$aFarrukhī Yazdī :$bsarʹanjām-i yak rūyā-yi siyāsī /$cRiz̤ā Āz̲arī Shahriz̤āyī.
=250  \\$6880-03$aChāp-i avval.
=264  \1$6880-04$aTihrān :$bPardīs-i Dānish,$c1393 [2014 or 2015]
=300  \\$a8, 136 pages :$billustrations ;$c22 cm.
=336  \\$atext$btxt$2rdacontent
=337  \\$aunmediated$bn$2rdamedia
=338  \\$avolume$bnc$2rdacarrier
=490  1\$6880-05$aMajmūʻah-ʼi tārīkh-i muʻāṣir-i Īrān ;$v35
=500  \\$a"Nashr va Pizhūhish-i Shīrāzah"--Series title page.
=504  \\$aIncludes bibliographical references and index.
=600  00$6880-06$aFarrukhī Yazdī,$d1889-1939.
=650  \0$aPoets, Persian$y20th century$vBiography.
=650  \0$aJournalists$zIran$vBiography.
=600  07$aFarrukhī Yazdī,$d1889-1939$2fast$0(OCoLC)fst00101661
=650  \7$aJournalists.$2fast$0(OCoLC)fst00984188
=650  \7$aPoets, Persian.$2fast$0(OCoLC)fst01068011
=651  \7$aIran.$2fast$0(OCoLC)fst01204889
=648  \7$a1900 - 1999$2fast
=655  \7$aBiography.$2fast$0(OCoLC)fst01423686
=830  \0$6880-07$aMajmūʻah-ʼi tārīkh-i muʻāṣir-i Īrān (Pardīs-i Dānish) ;$v35.
=852  0\$aNNU$bBOBST$cMAIN$hPK6561.Y33$iZ58 2014$p31142056986386
=880  0\$6100-01/(3/r$aآذرى شهرضائى، رضا.
=880  10$6245-02/(3/r$aفرخى يزدى :$bسرانجام يک روياى سياسى /$cرضا آذرى شهرضايى.
=880  \\$6250-03/(4/r$aچاپ اول.
=880  \1$6264-04/(3/r$aتهران :$bپرديس دانش،$c1393 [2014 or 2015]
=880  1\$6490-05/(3/r$aمجموعۀ تاريخ معاصر ايران ؛$v35
=880  04$6600-06/(3/r$aفرخى ىزدى،$d1889-1939.
=880  \0$6830-07/(3/r$aمجموعۀ تاريخ معاصر ايران (پرديس دانش) ؛$v35.
=994  \\$aC0$bTEF

