=LDR  01252cam a2200373 i 4500
=001  004159945
=003  NNU
=005  20160420103130.0
=008  150306s2015\\\\sw\\\\\\\\\\\\000\f\per\\
=010  \\$a  2015377192
=040  \\$aDLC$beng$erda$cDLC$dTEF
=066  \\$c(3$c(4
=020  \\$a9789187975059
=020  \\$a918797505X
=035  \\$a(OCoLC)905344519
=050  \4$aPK6562.21.H884$bT57 2015
=049  \\$aZYUU
=100  1\$6880-01$aKhūshʹnaẓar, Riz̤ā.
=245  10$6880-02$aTitrāktūs, chahār laʻnatī /$cRiz̤ā Khūshʹnaẓar.
=246  15$aTirāktūs chahār la'natī
=250  \\$6880-03$aChāp-i avval.
=264  \1$6880-04$aIstukhulm :$bNashr-i Fākhtah,$c2015.
=300  \\$a181 pages ;$c22 cm
=336  \\$atext$btxt$2rdacontent
=337  \\$aunmediated$bn$2rdamedia
=338  \\$avolume$bnc$2rdacarrier
=500  \\$aNovel.
=546  \\$aIn Persian.
=852  0\$aNNU$bBOBST$cMAIN$hPK6562.21.H884$iT57 2015$p31142056717450
=880  1\$6100-01/(3/r$aخوش‌نظر، رضا.
=880  10$6245-02/(3/r$aتتراکتوس، چهار لعنتى /$cرضا خوش‌نظر.
=880  \\$6250-03/(4/r$aچاپ اول.
=880  \1$6264-04/(3/r$aاستکهلم :$bنشر فاخته،$c2015.
=994  \\$aC0$bTEF

