=LDR  01160cam a2200361 i 4500
=001  004159949
=003  NNU
=005  20160420120847.0
=008  150306s2015\\\\sw\\\\\\\\\\\\000\f\per\\
=010  \\$a  2015377181
=040  \\$aDLC$beng$erda$cDLC$dTEF
=066  \\$c(3$c(4
=020  \\$a9789187975042
=020  \\$a9187975041
=035  \\$a(OCoLC)904528889
=050  \4$aPK6562.21.H884$bA35 2015
=049  \\$aZYUU
=100  1\$6880-01$aKhūshʹnaẓar, Riz̤ā.
=245  10$6880-02$aĀkhir-i jughd /$cRiz̤ā Khūshʹnaẓar.
=250  \\$6880-03$aChāp-i avval.
=264  \1$6880-04$aIstukhulm :$bNashr-i Fākhtah,$c2015.
=300  \\$a209 pages ;$c22 cm
=336  \\$atext$btxt$2rdacontent
=337  \\$aunmediated$bn$2rdamedia
=338  \\$avolume$bnc$2rdacarrier
=500  \\$aNovel.
=546  \\$aIn Persian.
=852  0\$aNNU$bBOBST$cMAIN$hPK6562.21.H884$iA35 2015$p31142056717468
=880  1\$6100-01/(3/r$aخوش‌نظر، رضا.
=880  10$6245-02/(3/r$aآخر جغد /$cرضا خوش‌نظر.
=880  \\$6250-03/(4/r$aچاپ اول.
=880  \1$6264-04/(3/r$aاستکهلم :$bنشر فاخته،$c2015.
=994  \\$aC0$bTEF

