=LDR  01413cam a2200385 i 4500
=001  004159939
=003  NNU
=005  20160420113352.0
=008  150313s2015\\\\sw\a\\\\\\\\\\000\j\per\\
=010  \\$a  2015377186
=040  \\$aDLC$beng$erda$cDLC$dTEF
=066  \\$c(3$c(4
=020  \\$a9789187359163
=020  \\$a9187359162
=035  \\$a(OCoLC)904942705
=050  \4$aPK6561.M7896$bK48 2015
=049  \\$aZYUU
=100  1\$6880-01$aMuḥammadī, Muḥammad Ḥusayn.
=245  10$6880-02$aKhūshahʹhā va malakh /$cMuḥammad Ḥusayn Muḥammadī.
=246  1\$6880-03$iAt head of title:$aDāstān-i nawjavān
=250  \\$6880-04$aChāp-i avval.
=264  \1$6880-05$aIstukhum, Sūʼid :$bIntishārāt-i Firdawsī,$c2015.
=300  \\$a85 pages :$billustrations ;$c22 cm
=336  \\$atext$btxt$2rdacontent
=337  \\$aunmediated$bn$2rdamedia
=338  \\$avolume$bnc$2rdacarrier
=500  \\$aShort stories.
=546  \\$aIn Persian.
=852  0\$aNNU$bBOBST$cMAIN$hPK6561.M7896$iK48 2015$p31142056717492
=880  1\$6100-01/(3/r$aمحمدى، محمد حسين.
=880  10$6245-02/(3/r$aخوشه‌ها و ملخ /$cمحمد حسين محمدى.
=880  1\$6246-03/(3/r$iAt head of title:$aداستان نوجوان
=880  \\$6250-04/(4/r$aچاپ اول.
=880  \1$6264-05/(3/r$aاستکهلم، سوئد :$bانتشارات فردوسى،$c2015.
=994  \\$aC0$bTEF

