=LDR  01406nam a2200397 i 4500
=001  004202341
=003  NNU
=005  20160420030703.0
=008  160420s2014\\\\ir\\\\\\\\\\\\000\p\per\d
=040  \\$aNNU$beng$erda$cTEF
=066  \\$c(3$c(4
=020  \\$a9789648765649$cprint
=020  \\$a9648765642$cprint
=035  \\$a(OCoLC)947005533
=050  \4$aPK6562.1.L565$bK58 2014
=049  \\$aZYUU
=100  1\$6880-01$aʻĀlamī, Pūryā,$d1982 or 1983-$eauthor.
=245  10$6880-02$aKitāb-i gham /$cPūryā ʻĀlimī.
=250  \\$6880-03$aChāp-i nukhast.
=264  \1$6880-04$aTihran :$bMashkī,$c1393 [2014 or 2015].
=300  \\$a46 pages ;$c16 cm
=336  \\$atext$btxt$2rdacontent
=337  \\$aunmediated$bn$2rdamedia
=338  \\$avolume$bnc$2rdacarrier
=490  1\$6880-05$aNashr-i Mashkī ;$v73
=546  \\$aIn Persian.
=650  \0$aHumorous poetry, Persian.
=830  \0$6880-06$aNashr-i Mashkī (Series) ;$v73
=852  0\$aNNU$bBOBST$cMAIN$hPK6562.1.L565$iK58 2014$p31142056986402
=880  1\$6100-01/(3/r$aعالمى، پورىا،$eauthor.
=880  10$6245-02/(4/r$aکتاب غم /$cپورىا عالمى.
=880  \\$6250-03/(4/r$aچاپ نخست.
=880  \1$6264-04/(3/r$aتهرن :$bمشکى،$c1393 [2014 or 2015].
=880  1\$6490-05/(3/r$aنشر مشکى ؛$v73
=880  \0$6830-06/(3/r$aنشر مشکى (سلسله) ؛$v73
=994  \\$aC0$bTEF

