=LDR  01273cam a2200337 i 4500
=001  004202353
=003  NNU
=005  20160420121729.0
=008  150714s2014\\\\ir\\\\\\\\\\\\000\1\per\d
=040  \\$aCNVPL$erda$beng$cLTSCA$dLTSCA
=066  \\$c(3$c(4
=035  \\$a(OCoLC)913785821
=050  \4$aPK6561.S27$bA93 2014
=082  04$a891.5533$aFIC$223
=049  \\$aZYUU
=100  1\$6880-01$aSāʻidī, Ghulām Ḥusayn,$eauthor.
=245  10$6880-02$aʻAzādārān-i Bayal /$cGhulāmḥusayn Sāʻdī.
=250  \\$6880-03$aChāp-i sīzdahum (sivvum-i nāshir)
=264  \1$6880-04$aTihrān :$bMuʼassasah-i Intishārāt-i Nigāh,$c1393 [2014 or 2015].
=300  \\$a208 pages ;$c22 cm
=336  \\$atext$btxt$2rdacontent
=337  \\$aunmediated$bn$2rdamedia
=338  \\$avolume$bnc$2rdacarrier
=500  \\$aNovel.
=546  \\$aIn Persian.
=852  0\$aNNU$bBOBST$cMAIN$hPK6561.S27$iA93 2014$p31142056986519
=880  1\$6100-01/(3/r$aساعدى، غلام حسىن،$eauthor.
=880  10$6245-02/(3/r$aعزاداران بىل /$cغلامحسىن ساعدى.
=880  \\$6250-03/(4/r$aچاپ سىزدهم (سوم ناشر)
=880  \1$6264-04/(3/r$aتهران :$bمؤسسه انتشارات نگاه،$c1393 [2014 or 2015].
=994  \\$aC0$bTEF

