=LDR  01382nam a2200361 i 4500
=001  004202354
=003  NNU
=005  20160420040013.0
=008  160420s2014\\\\ir\\\\\\\\\\\\000\1\per\d
=040  \\$aNNU$beng$erda$cTEF
=066  \\$c(3$c(4
=020  \\$a9786007115060$cprint
=020  \\$a6007115062$cprint
=035  \\$a(OCoLC)947005926
=050  \4$aPK6562.1.M576$bB35 2014
=049  \\$aZYUU
=100  1\$6880-01$aAmīr Qāsimʹkhānī, Parīsā,$eauthor.
=245  10$6880-02$aBājā ham ḥaqq dārad /$cnivīsandih, Parīsā Amīr Qāsimʹkhānī.
=246  1\$iTitle on page [4] of cover:$aBaja has right's, too
=246  3\$aBaja has rights too
=250  \\$6880-03$aChāp-i avval.
=264  \1$6880-04$aTihrān :$bNashr-i Vandīdād,$c1393 [2014 or 2015].
=300  \\$a129 pages ;$c21 cm
=336  \\$atext$btxt$2rdacontent
=337  \\$aunmediated$bn$2rdamedia
=338  \\$avolume$bnc$2rdacarrier
=546  \\$aIn Persian.
=852  0\$aNNU$bBOBST$cMAIN$hPK6562.1.M576$iB35 2014$p31142056986527
=880  1\$6100-01/(3/r$aامىر قاسم‌خانى، پرىسا،$eauthor.
=880  10$6245-02/(3/r$aباجا هم حق دارد /$cنوىسنده، پرىسا امىر قاسم‌خانى.
=880  \\$6250-03/(4/r$aچاپ اول.
=880  \1$6264-04/(3/r$aتهران :$bنشر وندىداد،$c1393 [2014 or 2015].
=994  \\$aC0$bTEF

