=LDR  01783nam a2200421 i 4500
=001  004018840
=003  NNU
=005  20160421030500.0
=008  160421s2013\\\\ir\a\\\\\\\\\\000\0\per\d
=040  \\$aNNU$beng$erda$cTEF
=066  \\$c(3$c(4
=020  \\$a9786005083163$cprint
=020  \\$a6005083163$cprint
=035  \\$a(OCoLC)947064430
=041  0\$aper$aeng
=050  \4$aN7280$b.A353 2013
=049  \\$aZYUU
=100  0\$6880-01$aAdīb Barūmand,$eauthor.
=245  10$6880-02$aNigāristān-i adīb dar bāb-i hunar va hunar-i mandān-i Īrānī /$cʻAbd al-ʻĀlī Adīb Barūmand ; sar vīrāstār Ḥamīd Farhamand Burūjanī.
=246  15$aNeqarestan-e adib, or, The Persian arts and artists
=246  30$aNeqarestan-e adib
=246  30$aPersian arts and artists
=250  \\$6880-03$aChāp-i nukhast.
=264  \1$6880-04$aIṣfahān :$bIntishārāt-i Guldastih,$c2013.
=300  \\$a295 pages :$bcolor illustrations ;$c32 cm
=336  \\$atext$btxt$2rdacontent
=337  \\$aunmediated$bn$2rdamedia
=338  \\$avolume$bnc$2rdacarrier
=546  \\$aIn Persian and English.
=650  \0$aArts, Iranian.
=700  1\$6880-05$aBurūjanī, Ḥamīd Farhamand,$eeditor.
=852  0\$aNNU$bBOBST$cMAIN$hN7280$i.A353 2013$p31142057559786
=880  0\$6100-01/(3/r$aادىب برومند،$eauthor.
=880  10$6245-02/(3/r$aنگارستان ادىب در باب هنر و هنر مندان ايرانى /$cعبد العالى ادىب برومند ؛ سر وىراستار حمىد فرهمند بروجنى.
=880  \\$6250-03/(4/r$aچاپ نخست.
=880  \1$6264-04/(3/r$aاصفهان :$bانتشارات گلدسته،$c2013.
=880  1\$6700-05/(3/r$aبروجنى، حمىد فرهمند،$eeditor.
=994  \\$aC0$bTEF

