=LDR  01958nam a2200409 i 4500
=001  004022002
=003  NNU
=005  20160421015703.0
=008  160421s2013\\\\ir\a\\\\\b\\\\001\0\per\d
=040  \\$aNNU$cTEF
=066  \\$c(3$c(4
=020  \\$a9789641650560$cprint
=020  \\$a9641650564$cprint
=035  \\$a(OCoLC)947059340
=043  \\$aa-ir---
=050  \4$aPK6357$b.F87 2013
=049  \\$aZYUU
=100  1\$6880-01$aFurṣat Shīrāzī, Muḥammad Nāṣir,$d1854 or 1855-1920,$eauthor.
=245  10$6880-02$aBuḥūr al-alḥān :$bdar ʻilm-i mūsīqī va nisbat-i ān bā ʻarūz /$cFurṣat al-Dawlah Shīrāzī ; bih inz̤imām-i naẓazīyah-ʼi mūsīqī az kitāb-i "Duryā-yi kabīr" ; bih ihtimām Līmā Ṣālih Rāmsarī.
=250  \\$6880-03$aal-Ṭabʻah al-ūlá.
=264  \1$6880-04$aTihrān :$bIntishārāt-i Muʻīn,$c1392 [2013 or 2014].
=300  \\$a369 pages :$billustrations ;$c25 cm
=336  \\$atext$btxt$2rdacontent
=337  \\$aunmediated$bn$2rdamedia
=338  \\$avolume$bnc$2rdacarrier
=546  \\$aIn Persian.
=504  \\$aIncludes bibliographical references and indexes.
=650  \0$aPersian poetry.
=650  \0$aMusic$zIran.
=700  1\$6880-05$aṢāliḥ Rāmsarī, Līmā,$eeditor.
=852  0\$aNNU$bBOBST$cMAIN$hPK6357$i.F87 2013$p31142057562517
=880  1\$6100-01/(3/r$aفرصت شىرازى، محمد ناصر،$eauthor.
=880  10$6245-02/(3/r$aبحور الالحان :$bدر علم موسىقى و نسبت آن با عروز /$cفرصت الدوله شىرازى ؛ به انضمام نظزيةۀ موسىقى از کتاب "درىاى کبىر" ؛ به اهتمام لىما صالح رامسرى.
=880  \\$6250-03/(3/r$aالطبعة الأولى.
=880  \1$6264-04/(3/r$aتهران :$bانتشارات معىن،$c1392 [2013 or 2014].
=880  1\$6700-05/(3/r$aصالح رامسرى، لىما،$eeditor.
=994  \\$aC0$bTEF

