=LDR  02216nam a2200433 i 4500
=001  004133541
=003  NNU
=005  20160421011229.0
=008  160421s2004\\\\ii\h\\\\\\\\\\000\0aper\d
=040  \\$aNNU$beng$erda$cTEF
=066  \\$c(3$c(4
=020  \\$a8187113707$cprint
=020  \\$a9788187113706$cprint
=035  \\$a(OCoLC)947057813
=050  \4$aBP80.W355$bA3 2004
=049  \\$aZYUU
=100  0\$6880-01$aWalī Allāh al-Dihlawī,$d1702 or 1703-1762 or 1763,$eauthor.
=245  10$6880-02$aMakātīb-i Ḥaz̤rat Shāh Valī Allāh Muḥaddis̲ Dihlavī /$ctaḥqīq-i Muftī Nasīm Aḥmad Farīdī Amrūhvī ; taqaddamahu va taḥshīhi Prufisūr Nis̲ār Aḥmad Fārūqī ; pīshguftār Duktur Vaqār al-Ḥasan Ṣiddīqī.
=246  15$aMakatib-e Shah Waliullah of Delhi
=250  \\$6880-03$aChāp-i avval.
=264  \1$6880-04$aRāmʹpūr :$bKitābkhānah-ʼi Riz̤ā Rāmʹpūr,$c2004.
=300  \\$a665 pages :$bfacsimiles ;$c25 cm
=336  \\$atext$btxt$2rdacontent
=337  \\$aunmediated$bn$2rdamedia
=338  \\$avolume$bnc$2rdacarrier
=546  \\$aIn Persian.
=600  00$aWalī Allāh al-Dihlawī,$d1702 or 1703-1762 or 1763$vCorrespondence.
=700  1\$6880-05$aFarīdī, Nasīm Aḥmad,$eeditor.
=700  1\$6880-06$aFārūqī, Nis̲ār Aḥmad,$d1936-$eeditor.
=700  1\$6880-07$aSiddiqi, W. H.,$ewriter of foreword.
=852  0\$aNNU$bBOBST$cMAIN$hBP80.W355$iA3 2004$p31142057736210
=880  0\$6100-01/(3/r$aولى الله الدهلوى،$eauthor.
=880  10$6245-02/(3/r$aمکاتىب حضرت شاه ولى الله محدث دهلوى /$cتحقىق مفتى نسىم احمد فرىدى امروهوى ؛ تقدمه و تحشىه پرفسور نثار احمد فاروقى ؛ پىشگفتار دکتر وقار الحسن صدىقى.
=880  \\$6250-03/(4/r$aچاپ اول.
=880  \1$6264-04/(3/r$aرام‌پور :$bکتابخانۀ رضا رام‌پور،$c2004.
=880  1\$6700-05/(3/r$aنسىم احمد فرىدى،$eeditor.
=880  1\$6700-06/(3/r$aفاروقى، نثار احمد،$eeditor.
=880  1\$6700-07/(3/r$aسديقى، و. هـ.،$ewriter of foreword.
=994  \\$aC0$bTEF

