=LDR  02867nam a2200469 i 4500
=001  004133537
=003  NNU
=005  20160420044639.0
=008  160420s1997\\\\ii\\\\\\\b\\\\000\0\per\d
=040  \\$aNNU$beng$erda$cTEF
=066  \\$c(3$c(4
=035  \\$a(OCoLC)947006670
=050  \4$aPN86$b.D8 1997
=049  \\$aZYUU
=245  00$6880-01$aDū risālah dar naqd-i adabī /$cmuqaddimah va taṣḥīḥ va ḥavāshī va taʻlīqāt-i Duktur Sayyid Ḥasan ʻAbbās.
=246  15$aDo resale der naqd-i-adabi :$bPersian texts
=250  \\$6880-02$aBār-i avval.
=264  \1$6880-03$aRāmʹpūr :$bKitābkhānah-i Riz̤ā Rāmʹpūr,$c1997.
=300  \\$a145 pages ;$c25 cm
=336  \\$atext$btxt$2rdacontent
=337  \\$aunmediated$bn$2rdamedia
=338  \\$avolume$bnc$2rdacarrier
=546  \\$aIn Persian.
=504  \\$aIncludes bibliographical references.
=505  0\$6880-04$a1. Taḥqīq al-sadād fī mazallat al-āzād / taʼlīf Shaykh Muḥammad Ṣadīq Sukhanvar Bilgrāmī -- 2. Taʼdīb al-zindīq fī takdhīb al-ṣiddīq / taʼlīf Mīr ʻAbd al-Qādir Mihrabān Awrangʹābādī.
=650  \0$aCriticism.
=700  1\$6880-05$aʻAbbās, Sayyid Ḥasan,$eeditor.
=700  12$6880-06$aSukhanvar Bilgrāmī, Muḥammad Ṣadīq,$eauthor.$tTaḥqīq al-sadād fī mazallat al-āzād.
=700  12$6880-07$aMihrabān Awrangʹābādī, Mīr ʻAbd al-Qādir,$eauthor.$tTaʼdīb al-zindīq fī takdhīb al-ṣiddīq.
=740  02$6880-08$aTaḥqīq al-sadād fī mazallat al-āzād.
=740  02$6880-09$aTaʼdīb al-zindīq fī takdhīb al-ṣiddīq.
=852  0\$aNNU$bBOBST$cMAIN$hPN86$i.D8 1997$p31142057736459
=880  00$6245-01/(3/r$aدو رساله در نقد ادبى /$cمقدمه و تصحىح و حواشى و تعلىقات دکتر سيد حسن عباس.
=880  \\$6250-02/(3/r$aبار اول.
=880  \1$6264-03/(3/r$aرام‌پور :$bکتابخانه رضا رام‌پور،$c1997.
=880  0\$6505-04/(3/r$a1. تحقيق السداد في مزلّة الآزاد / تأليف شيخ محمد صديق سخنور بلگرامي  2. تأديب الزنديق في تكذيب الصِدِّيق / تأليف مير عبد القادر مهربان اورنگ‌آبادى.
=880  1\$6700-05/(3/r$aعباس، سيد حسن،$eeditor.
=880  12$6700-06/(3/r$aسخنور بلگرامى، محمد صدىق،$eauthor.$tتحقىق السداد فى مزلّة الازاد.
=880  12$6700-07/(3/r$aمهربان اورنگ‌آبادى، مىر عبد القادر،$eauthor.$tتأدىب الزندىق فى تکذىب الصِدِّيق.
=880  02$6740-08/(3/r$aتحقىق السداد فى مزلّة الآزاد.
=880  02$6740-09/(3/r$aتأدىب الزندىق فى تکذىب الصِدِّيق.
=994  \\$aC0$bTEF

