=LDR  02440cam a2200481 i 4500
=001  004051679
=003  NNU
=005  20160420014405.0
=008  140725s2014\\\\ir\h\\\\\\\\\\000\0\ara\\
=010  \\$a  2014323858
=040  \\$aDLC$beng$erda$cDLC$dTEF
=066  \\$c(3$c(4
=020  \\$a9786003131262
=020  \\$a6003131268
=035  \\$a(OCoLC)884665412
=037  \\$bLibrary of Congress -- Islamabad Overseas Office
=042  \\$alcode
=050  \4$aR128.3$b.I2582 2014
=049  \\$aZYUU
=100  1\$6880-01$aIbn Serapion, Yúhānnā,$dactive 9th century,$eauthor.
=245  13$6880-02$aKunnāsh-i ṣaghīr :$bbar asās-i nuskhah-i khaṭṭī-i Kitābkhānah-i Markazī-i Dānishgāh-i Tihrān, sh 9668 /$ctaʼlīf Yūḥannā ibn Sarābīyūn mutawaffá ḥavālī-i 250 Hijrī Qamarī ; muqaddimah va taḥqīq Duktur Iḥsān Muqaddis ; bā ihtimām Duktur Yūsuf Bayg Bābāpūr.
=246  15$aKonnāsh-e saghir
=250  \\$6880-03$aChāp-i avval.
=264  \1$6880-04$aTihrān :$bSafīr-i Ardihāl,$c2014.
=300  \\$a431 pages :$bfacsimiles ;$c25 cm.
=336  \\$atext$2rdacontent
=337  \\$aunmediated$2rdamedia
=338  \\$avolume$2rdacarrier
=490  0\$6880-05$aMajmūʻah-i tārīkh-i ʻilm, farhang va tamaddun-i dawrah-i Islāmī ;$v19
=546  \\$aIn Arabic.
=650  \0$aMedicine, Arab.
=650  \0$aMedicine, Medieval.
=700  1\$6880-06$aMuqaddis, Iḥsān,$ewriter of introduction.
=700  1\$6880-07$aBābāpūr, Yūsuf Bayg,$eeditor.
=852  0\$aNNU$bBOBST$cMAIN$hR128.3$i.I2582 2014$p31142057795943
=880  1\$6100-01/(3/r$aابن سرابيون، يوحنا،$eauthor.
=880  12$6245-02/(4/r$aکناش صغىر :$bبر اساس نسخه خطى کتابخانه مرکزى دانشگاه تهران، ش 9668 /$cتاءلىف ىوحنا بن سرابيون متوفى حوالى 250 هجرى قمرى ؛ مقدمه و تحقىق دکتر احسان مقدس ؛ با اهتمام دکتر ىوسف بىگ باباپور.
=880  \\$6250-03/(4/r$aچاپ اول.
=880  \1$6264-04/(3/r$aتهران :$bسفىر اردهال،$c2014.
=880  0\$6490-05/(3/r$aمجموعه تارىخ علم، فرهنگ و تمدن دوره اسلامى ؛$v19
=880  1\$6700-06/(3/r$aمقدس، احسان،$ewriter of introduction.
=880  1\$6700-07/(3/r$aباباپور، ىوسف بىگ،$eeditor.
=994  \\$aC0$bTEF

