=LDR  02516cam a2200445 i 4500
=001  004051680
=003  NNU
=005  20160420012257.0
=008  140725s2014\\\\ir\\\\\\\\\\\\000\0\ara\\
=010  \\$a  2014323859
=040  \\$aDLC$beng$erda$cDLC$dOCLCO$dTEF
=066  \\$c(3$c(4
=020  \\$a9786003131248
=020  \\$a6003131241
=035  \\$a(OCoLC)884665305
=037  \\$bLibrary of Congress -- Islamabad Overseas Office
=042  \\$alcode
=050  \4$aR128.3$b.I265 2014
=049  \\$aZYUU
=100  1\$6880-01$aIbn Jazlah, Yaḥyá ibn ʻĪsá,$d-1100,$eauthor.
=245  10$6880-02$aTaqwīm al-abdān fī tadbīr al-insān :$bminhāj al-bayān fī taqwīm al-abdān /$ctaʼlīf Yaḥyá ibn ʻĪsá ibn Jazlah-ʼi Baghdādī muawaffá 493 H.Q. ; az rū-yi nuskhah-ʼi khaṭṭī-i Kitābkhānah-i Khadīvīyah-i Qāhirah, sh. 583 ṭibb, mawjūd dar Dār al-Kutub Miṣr (maktūb-i sannah-ʼi 596 H.Q.) ; bā muqaddimah va ihtimām-i Duktur Yūsuf Bayg Bābāpūr.
=250  \\$6880-03$aChāp-i avval.
=264  \1$6880-04$aTihrān :$bSafīr-i Ardihāl,$c2014.
=300  \\$a134 pages :$bfacsimiles ;$c25 cm.
=336  \\$atext$2rdacontent
=337  \\$aunmediated$2rdamedia
=338  \\$avolume$2rdacarrier
=490  0\$6880-05$aMajmūʻah-i tārīkh-i ʻilm, farhang va tamaddun-i dawrah-i Islāmī ;$v15
=546  \\$aIn Arabic.
=650  \0$aMedicine, Arab.
=650  \0$aMedicine, Medieval.
=700  1\$6880-06$aBābāpūr, Yūsuf Bayg,$eeditor,$ewriter of introduction.
=852  0\$aNNU$bBOBST$cMAIN$hR128.3$i.I265 2014$p31142057795950
=880  1\$6100-01/(3/r$aابن جزلة، يحيى بن عيسى،$eauthor.
=880  10$6245-02/(3/r$aتقوىم الابدان فى تدبىر الانسان :$bمنهاج البىان فى تقوىم الابدان /$cتألىف ىحىى بن عيسى بن جزلۀ بغدادى موفى 493 هـ.ق. ؛ از روى نسخۀ خطى کتابخانه خدىوية قاهره، ش. 583 طب، موجود در دار الکتب مصر (مکتوب سنۀ 596 هـ.ق.) ؛ با مقدمه و اهتمام دکتر ىوسف بىگ باباپور.
=880  \\$6250-03/(4/r$aچاپ اول.
=880  \1$6264-04/(3/r$aتهران :$bسفىر اردهال،$c2014.
=880  0\$6490-05/(3/r$aمجموعه تارىخ علم، فرهنگ و تمدن دوره اسلامى ؛$v15
=880  1\$6700-06/(3/r$aباباپور، ىوسف بىگ،$eeditor,$ewriter of introduction.
=994  \\$aC0$bTEF

