=LDR  02601cam a2200517 i 4500
=001  004051682
=003  NNU
=005  20160420020430.0
=008  140725s2014\\\\ir\h\\\\\\\\\\000\0\per\\
=010  \\$a  2014323860
=040  \\$aDLC$beng$erda$cDLC$dTEF
=066  \\$c(3$c(4
=020  \\$a9786003131446 (set)
=020  \\$a6003131446 (set)
=020  \\$a9786003131422 (v. 1)
=020  \\$a600313142X (v. 1)
=020  \\$a9786003131439 (v. 2)
=020  \\$a6003131438 (v. 2)
=035  \\$a(OCoLC)884665306
=037  \\$bLibrary of Congress -- Islamabad Overseas Office
=042  \\$alcode
=050  \4$aRS79$b.A655 2014
=049  \\$aZYUU
=100  1\$6880-01$aʻAqīlī ʻAlavī Shīrāzī, Muḥammad Ḥusayn ibn Muḥammad Hādī,$dactive 18th century,$eauthor.
=245  10$6880-02$aQarābādīn-i kabīr :$bmajmaʻ al-jawāmiʻ wa-dhakhāʼir al-tarātīb /$ctaṣnīf-i Ḥakīm Sayyid Muḥammad Ḥusayn Khān ʻAqīlī ʻAlawī Khurasānī Shīrāzī (az pizashkān-i Sadah-ʼi 12 H.Q.) ; intikhāb va bāz-i chāp bih ishtimām-i Duktur Yūsuf Bayg Bābāpūr.
=250  \\$6880-03$aChāp-i avval.
=264  \1$6880-04$aTihrān :$bSafīr-i Ardihāl,$c2014.
=300  \\$a2 volumes (1466 pages) :$bfacsimiles ;$c25 cm.
=336  \\$atext$2rdacontent
=337  \\$aunmediated$2rdamedia
=338  \\$avolume$2rdacarrier
=490  0\$6880-05$aDavā va darmān dar rūzugārān-i kuhan ;$v35
=546  \\$aIn Persian.
=650  \0$aPharmacy$vEarly works to 1800.
=650  \0$aPharmacology$vEarly works to 1800.
=650  \0$aMedicine, Arab$vFormulae, receipts, prescriptions.
=700  1\$6880-06$aBābāpūr, Yūsuf Bayg,$eeditor.
=852  0\$aNNU$bBOBST$cMAIN$hRS79$i.A655 2014$3m.1$p31142057795968
=852  0\$aNNU$bBOBST$cMAIN$hRS79$i.A655 2014$3m.2$p31142057795976
=880  1\$6100-01/(3/r$aعقىلى علوى شىرازى، محمد حسىن بن محمد هادى،$eauthor.
=880  10$6245-02/(3/r$aقرابادىن کبىر :$bمجمع الجوامع وذخائر التراتىب /$cتصنىف حکىم سيد محمد حسىن خان عقىلى علوى خرسانى شىرازى (ز پزشکان سدۀ 12 ه.ق.) ؛ انتخاب و باز چاپ به اشتمام دکتر ىوسف بىگ باباپور.
=880  \\$6250-03/(4/r$aچاپ اول.
=880  \1$6264-04/(3/r$aتهران :$bسفىر اردهال،$c2014.
=880  0\$6490-05/(3/r$aدوا و درمان در روزگاران کهن ؛$v35
=880  1\$6700-06/(3/r$aباباپور، ىوسف بىگ،$eeditor.
=994  \\$aC0$bTEF

