=LDR  01320nam a2200373 i 4500
=001  004051740
=003  NNU
=005  20160421021325.0
=006  m\\\\\\\\u\\\\\\\\
=008  160421s2013\\\\ir\a\\\\\\\\\\000\0\per\d
=040  \\$aNNU$beng$erda$cTEF
=066  \\$c(3$c(4
=020  \\$a9789643659158$cprint
=020  \\$a9643659151$cprint
=035  \\$a(OCoLC)947060307
=043  \\$aa-ir---
=050  \4$aHA4570.2$b.A25 2012
=049  \\$aZYUU
=245  00$6880-01$aSālnāmah-i āmārī-i kishvar 1391.
=250  \\$6880-02$aChāp-i avval.
=264  \1$6880-03$aTihrān :$bMarkaz-i Āmār-i Īrān,$c1392 [2013 or 2014].
=300  \\$a1044 pages :$bilustrations ;$c28 cm +$e(1 computer disk ;$c4 3/4 in.)
=336  \\$atext$btxt$2rdacontent
=337  \\$aunmediated$bn$2rdamedia
=338  \\$avolume$bnc$2rdacarrier
=546  \\$aIn Persian.
=651  \0$aIran$vStatistics.
=710  2\$6880-04$aMarkaz-i Āmār-i Īrān,$eproducer.
=852  0\$aNNU$bBOBST$cMAIN$hHA4570.2$i.A25 2012$p31142057796842
=880  00$6245-01/(3/r$aسالنامه آمارى کشور 1391.
=880  \\$6250-02/(4/r$aچاپ اول.
=880  \1$6264-03/(3/r$aتهران :$bمرکز آمار ايران،$c1392 [2013 or 2014].
=880  2\$6710-04/(3/r$aمرکز آمار ايران،$eproducer.
=994  \\$aC0$bTEF

