=LDR  02738cam a2200493 i 4500
=001  004051760
=003  NNU
=005  20160420021926.0
=008  140829s2014\\\\ir\\\\\\\b\\\\000\0\ara\\
=010  \\$a  2014323887
=040  \\$aDLC$beng$erda$cDLC$dHLS$dOCLCO$dTEF
=066  \\$c(3$c(4
=020  \\$a9786003131231
=020  \\$a6003131233
=035  \\$a(OCoLC)889688645
=037  \\$aLibrary of Congress -- Islamabad Overseas Office
=042  \\$alcode
=050  \4$aTJ144$b.J39 2014
=049  \\$aZYUU
=100  1\$6880-01$aJazarī, Ismāʻīl ibn al-Razzāz,$dactive 1181-1204,$eauthor.
=245  10$6880-02$aal-Jāmiʻ bayna al-ʻilm wa-al-ʻamal al-nāfiʻ fī ṣināʻat al-ḥiyal =$bal-Jāme' bain al-elm va al-amal al-nāfe' fi sanāat al-heyal /$ctaṣnīf-i Abī al-ʻAz ibn Ismāʻīl Jazarī ; bā muqaddamah-ʼi Ḥusayn Tūlāyī Khvānsāri ; bih ihtimām-i Yūsuf Baygʹbābāpūr
=246  15$aJāme' bain al-elm va al-amal al-nāfe' fi sanāat al-heyal
=250  \\$6880-03$aChāp-i avval.
=264  \1$6880-04$aTihrān :$bIntishārāt-i Safīr-i Ardihāl,$c2014.
=300  \\$a378 pages :$billustrations, facsimiles ;$c25 cm
=336  \\$atext$2rdacontent
=337  \\$aunmediated$2rdamedia
=338  \\$avolume$2rdacarrier
=490  0\$6880-05$aMajmūʻah-i tārīkh-i ʻilm, farhang va tamaddun-i dawrah-i Islāmī ;$v17
=546  \\$aIn Arabic.
=500  \\$6880-06$a"Bar asās-i nuskhah-i Birlīn va bih inz̤imām-i nuskhah-i Pārīs shumārah-i 2477."
=504  \\$aIncludes bibliographical references (1st order, pages 57-66).
=650  \0$aMechanical engineering$vEarly works to 1800.
=650  \0$aMechanical movements$vEarly works to 1800.
=700  1\$6880-07$aBābāpūr, Yūsuf Bayg,$eeditor.
=852  0\$aNNU$bBOBST$cMAIN$hTJ144$i.J39 2014$p31142057797253
=880  1\$6100-01/(3/r$aجزري، إسماعيل بن الرزاز.
=880  10$6245-02/(3/r$aالجامع بين العلم والعمل النافع في صناعة الحيل =$bal-Jāme' bain al-elm va al-amal al-nāfe' fi sanāat al-heyal /$cتصنيف ابى العز بن اسماعيل جزرى ؛ با مقدمۀ حسين تولايى خوانسار ؛ به اهتمام يوسف بيگ‌باباپور
=880  \\$6250-03/(4/r$aچاپ اول.
=880  \1$6264-04/(3/r$aتهران :$bانتشارات سفير اردهال،$c2014.
=880  0\$6490-05/(3/r$aمجموعه تاريخ علم، فرهنگ و تمدن دوره اسلامى ؛$v17
=880  \\$6500-06/(3/r$a"بر اساس نسخه برلىن و به انضمام نسخه پارىس شماره 2477."
=880  1\$6700-07/(3/r$aباباپور، يوسف بيگ.
=994  \\$aC0$bTEF

