=LDR  02369nam a2200493 i 4500
=001  004051792
=003  NNU
=005  20160421014033.0
=008  160421s2014\\\\ir\c\\\\\b\\\\001\0\per\d
=040  \\$aNUU$beng$erda$cTEF
=066  \\$c(3$c(4
=020  \\$a9786005871333$cprint
=020  \\$a6005871331$cprint
=035  \\$a(OCoLC)947058362
=043  \\$aa-ir---
=050  \4$aDS325.T2$bN33 2014
=049  \\$aZYUU
=100  0\$6880-01$aNādir Mīrzā,$cShāhzādah,$dactive 19th century,$eauthor.
=245  10$6880-02$aTārīkh va jughrāfī-i Dār al-salṭanahʹ-i Tabrīz /$cNādir Mīrzā ; bih kūshish-i Ghulāmriz̤ā Ṭabāṭabāʼī Majd.
=246  15$aTārix va jogrāfī Dār.o.saltane-y-Tabriz =$bHistory and geography of the royal city of Tabriz
=246  31$aHistory and geography of the royal city of Tabriz
=250  \\$6880-03$aChāp-i avval.
=264  \1$6880-04$aTabrīz :$bIntishārāt-i Āydīn,$c1393 [2014].
=300  \\$a750 pages :$bportrait ;$c25 cm
=336  \\$atext$btxt$2rdacontent
=337  \\$aunmediated$bn$2rdamedia
=338  \\$avolume$bnc$2rdacarrier
=490  1\$6880-05$aTārīkh va jughrāfiyā-yi Īrān ;$v4
=546  \\$aIn Persian.
=504  \\$aIncludes bibliographical references (pages 755-763) and indexes.
=520  \\$aGeographical and historical study of the city of Tabriz, Iran, during 19th century.
=651  \0$aTabrīz (Iran)$xHistory.
=651  \0$aTabrīz (Iran)$xSocial life and customs.
=700  1\$6880-06$aṬabāṭabāʼī Majd, Ghulām Riz̤ā,$d1949 or 1950-$eeditor.
=830  \0$6880-07$aTārīkh va jughrāfiyā-yi Īrān ;$v4.
=852  0\$aNNU$bBOBST$cMAIN$hDS325.T2$iN33 2014$p31142057797543
=880  0\$6100-01/(3/r$aنادر مىرزا،$cشاهزاده،$eauthor.
=880  10$6245-02/(3/r$aتارىخ و جغرافى دار السلطنه‌ تبرىز /$cنادر مىرزا ؛ به کوشش غلامرضا طباطبائي مجد.
=880  \\$6250-03/(4/r$aچاپ اول.
=880  \1$6264-04/(3/r$aتبرىز :$bانتشارات آىدىن،$c1393 [2014].
=880  1\$6490-05/(3/r$aتارىخ و جغرافىاى ايران ؛$v4
=880  1\$6700-06/(3/r$aطباطبائي مجد، غلام رضا،$eeditor.
=880  \0$6830-07/(3/r$aتارىخ و جغرافىاى ايران ؛$v4.
=994  \\$aC0$bTEF

