=LDR  01895cam a2200433 i 4500
=001  004202321
=003  NNU
=005  20160420100348.0
=008  150629s2014\\\\ir\a\\\\\\\\\\000\0aper\\
=010  \\$a  2015326532
=040  \\$aDLC$beng$erda$cDLC$dOCLCO$dOCLCA$dTEF
=066  \\$c(3$c(4
=020  \\$a9786009441464
=020  \\$a6009441463
=035  \\$a(OCoLC)912508282
=037  \\$aLibrary of Congress -- Islamabad Overseas Office
=042  \\$alcode
=050  \4$aHF5810.M843$bA3 2014
=049  \\$aZYUU
=100  1\$6880-01$aMuḥammadī Fard, Dāvud,$d1973 or 1974-$eauthor,$ecompiler.
=245  10$6880-02$aĀn rūzʹhā ... "iʻlānʹhā va āgahīʹhā" /$ctadvīn va taʼlīf-i, Dāvud Muḥammadīʹfard ; ṣafḥahʹārā Āzādah Iftikhārī.
=246  30$6880-03$aIʻlānʹhā va āgahīʹhā
=250  \\$6880-04$aChāp-i avval.
=264  \1$6880-05$aTihrān :$bIntishārāt-i Lanjavān,$c1393 [2014 or 2015].
=300  \\$a128 unnumbered pages :$bcolor illustrations ;$c17 cm
=336  \\$atext$btxt$2rdacontent
=337  \\$aunmediated$bn$2rdamedia
=338  \\$avolume$bnc$2rdacarrier
=546  \\$aIn Persian.
=600  10$6880-06$aMuḥammadī Fard, Dāvud,$d1973 or 1974-$vDiaries.
=650  \0$aAdvertising agencies.
=852  0\$aNNU$bBOBST$cMAIN$hHF5810.M843$iA3 2014$p31142057856976
=880  1\$6100-01/(3/r$aمحمدى‌فرد، داود.
=880  10$6245-02/(3/r$aآن روز‌ها ... "اعلان‌ها و آگهى‌ها" /$cتدوين و تأليف، داود محمدى‌فرد ؛ صفحه‌آرا آزاده افتخارى.
=880  30$6246-03/(3/r$aاعلان‌ها و آگهى‌ها
=880  \\$6250-04/(4/r$aچاپ اول.
=880  \1$6264-05/(3/r$aتهران :$bانتشارات لنجوان،$c1393 [2014 or 2015].
=880  14$6600-06/(3/r$aمحمدى فرد، داود.
=994  \\$aC0$bTEF

