=LDR  01823cam a2200457 i 4500
=001  004202328
=003  NNU
=005  20160420023731.0
=008  150629s2014\\\\ir\af\\\\\\\\\000\0\per\\
=010  \\$a  2015326539
=040  \\$aDLC$beng$erda$cDLC$dTEF
=066  \\$c(3$c(4
=020  \\$a9786003470323
=020  \\$a6003470321
=035  \\$a(OCoLC)912508399
=037  \\$aLibrary of Congress -- Islamabad Overseas Office
=042  \\$alcode
=043  \\$aa-ir---
=050  \4$aTX725.I7$bG439 2014
=049  \\$aZYUU
=245  00$6880-01$aGhaz̲āʹhā-yi sunnatī-i Bihbahān /$cbih saʻī va girdʹāvarī-i, Malik Tāj Iʻtibār ; vīrāstār, Najmah Zāriʻīʹpūr.
=246  30$6880-02$aBihbahān
=250  \\$6880-03$aChāp-i avval.
=264  \1$6880-04$aAḥvāz :$bNashr-i Tarʹāvā,$c1393 [2014 or 2015].
=300  \\$a128 pages, 32 pages of color plates :$billustrations ;$c24 cm
=336  \\$atext$2rdacontent
=337  \\$aunmediated$2rdamedia
=338  \\$avolume$2rdacarrier
=500  \\$a"Shumārah-yi nashr: 312"--Title page verso.
=546  \\$aIn Persian.
=650  \0$aCooking, Iranian.
=700  1\$6880-05$aIʻtibār, Malik Tāj,$ecompiler.
=700  1\$6880-06$aZāriʻīʹpūr, Najmah,$eeditor.
=852  0\$aNNU$bBOBST$cMAIN$hTX725.I7$iG439 2014$p31142057857016
=880  00$6245-01/(3/r$aغذا‌هاى سنتى بهبهان /$cبه سعى و گرد‌آورى، ملک تاج اعتبار ؛ ويراستار، نجمه زارعى‌پور.
=880  30$6246-02/(3/r$aبهبهان
=880  \\$6250-03/(4/r$aچاپ اول.
=880  \1$6264-04/(3/r$aاحواز :$bنشر تر‌آوا،$c1393 [2014 or 2015].
=880  1\$6700-05/(3/r$aاعتبار، ملک تاج.
=880  1\$6700-06/(3/r$aزارعى‌پور، نجمه.
=994  \\$aC0$bTEF

