=LDR  01933cam a2200433 a 4500
=001  003956609
=003  NNU
=005  20160405025740.0
=008  980414s1997\\\\ir\a\\\\\b\\\\001\0\per\d
=040  \\$aOSU$beng$cOSU$dOCLCQ$dOCLCF$dOCLCQ$dOCLCO$dTEF
=066  \\$c(3$c(4
=035  \\$a(OCoLC)38950675
=043  \\$aa-ir---
=050  \4$aTR107$b.Z34 1997
=049  \\$aZYUU
=100  1\$6880-01$aZ̲ukāʼ, Yaḥyá.
=245  10$6880-02$aTārīkh-i ʻakkāsī va ʻakkāsān-i pīshgām dar Īrān /$cYaḥyá Z̲akāʼ.
=246  15$aHistory of photography and pioneer photographers in Iran
=250  \\$6880-03$aChāp-i 1.
=260  \\$6880-04$aTihrān :$bShirkat-i Intishārāt-i ʻIlmī va Farhangī,$c1997.
=300  \\$a15, 581 pages :$billustrations ;$c28 cm
=336  \\$atext$btxt$2rdacontent
=337  \\$aunmediated$bn$2rdamedia
=338  \\$avolume$bnc$2rdacarrier
=546  \\$aIn Persian.
=504  \\$aIncludes bibliographical references and index.
=650  \0$aPhotography$zIran$xHistory.
=650  \0$aPhotographers$zIran$xHistory.
=650  \7$aPhotographers.$2fast$0(OCoLC)fst01061605
=650  \7$aPhotography.$2fast$0(OCoLC)fst01061714
=651  \7$aIran.$2fast$0(OCoLC)fst01204889
=655  \7$aHistory.$2fast$0(OCoLC)fst01411628
=776  08$iOnline version:$aZ̲akāʼ, Yaḥyá.$tTārīkh-i ʻakkāsī va ʻakkāsān-i pīshgām dar Īrān.$bChāp-i 1.$dTihrān : Shirkat-i Intishārāt-i ʻIlmī va Farhangī, 1997$w(OCoLC)605959997
=852  0\$aNNU$bNABUD$cMAIN$hTR107$i.Z34 1997$p31122055010586
=880  0\$6100-01/(3/r$a‏ذكا، يحيى.
=880  10$6245-02/(3/r$a‏تاريخ عكاسى و عكاسان پيشگام در ايران /‏$c‏يحيى ذكا.
=880  \\$6250-03/(4/r$a‏چاپ 1.
=880  \\$6260-04/(3/r$a‏تهران :‏$b‏شركت انتشارات علمى و فرهنگى،‏$c‏1997‬.
=994  \\$aC0$bTEF

