=LDR  01768cam a2200433 i 4500
=001  004202364
=003  NNU
=005  20160405112214.0
=008  150629s2015\\\\ir\\\\\\\\\\\\000\1\per\\
=010  \\$a  2015326558
=040  \\$aDLC$beng$erda$cDLC$dOCLCO$dTEF
=066  \\$c(3$c(4
=020  \\$a9786005639285
=020  \\$a6005639285
=035  \\$a(OCoLC)912508450
=037  \\$aLibrary of Congress -- Islamabad Overseas Office
=042  \\$alcode
=050  \4$aPK6561.A363$bM37 2015
=049  \\$aZYUU
=100  1\$6880-01$aAḥmadī, Murtaz̤á,$d1924 or 1925-$eauthor.
=245  10$6880-02$aMardī kih hīch būd /$cMurtaz̤á Aḥmadī ; vīrāyish, āmādahʹsāzī va umūr-i fannī, Taḥrīrīyah-ʼi Intishārāt-i Quqnūs.
=250  \\$6880-03$aChāp-i avval.
=264  \1$6880-04$aTihrān :$bIntishārāt-i Hīlā,$c1393 [2015]
=300  \\$a96 pages ;$c22 cm.
=336  \\$atext$btxt$2rdacontent
=337  \\$aunmediated$bn$2rdamedia
=338  \\$avolume$bnc$2rdacarrier
=490  1\$6880-05$aIntishārāt-i Hīlā ;$v29
=500  \\$aNovel.
=546  \\$aIn Persian.
=830  \0$6880-06$aIntishārāt-i Hīlā ;$v29.
=852  0\$aNNU$bBOBST$cMAIN$hPK6561.A363$iM37 2015$p31142044566696
=880  1\$6100-01/(3/r$aاحمدى، مرتضى،$eauthor.
=880  10$6245-02/(3/r$aمردى که هيچ بود /$cمرتضى احمدى ؛ ويرايش، آماده‌سازى و امور فنى، تحريريۀ انتشارات ققنوس.
=880  \\$6250-03/(4/r$aچاپ اول.
=880  \1$6264-04/(3/r$aتهران :$bانتشارات هيلا،$c1393 [2015].
=880  1\$6490-05/(3/r$aانتشارات هيلا ؛$v29
=880  \0$6830-06/(3/r$aانتشارات هىلا ؛$v29.
=994  \\$aC0$bTEF

