=LDR  01519cam a2200409 i 4500
=001  004202366
=003  NNU
=005  20160405125413.0
=008  150629s2015\\\\ir\\\\\\\\\\\\000\j\per\\
=010  \\$a  2015326559
=040  \\$aDLC$beng$erda$cDLC$dOCLCO$dNOC
=066  \\$c(4$c(3
=020  \\$a9786006605739
=020  \\$a6006605732
=035  \\$a(OCoLC)912508451
=037  \\$aLibrary of Congress -- Islamabad Overseas Office
=042  \\$alcode$apcc
=050  \4$aPK6562.21.A756$bN34 2015
=049  \\$aZYUU
=100  1\$6880-01$aKarīmʹmasīḥī, Yūrīk,$d1964 or 1965-$eauthor.
=245  10$6880-02$aNafas-i ʻamīq :$bmajmūʻah-i dāstān /$cYūrīk Karīmʹmasīḥī.
=250  \\$6880-03$aChāp-i avval.
=264  \1$6880-04$a[Tihrān] :$bNashr-i Āmūt,$c1393 [2015]
=300  \\$a190 pages ;$c22 cm.
=336  \\$atext$btxt$2rdacontent
=337  \\$aunmediated$bn$2rdamedia
=338  \\$avolume$bnc$2rdacarrier
=490  0\$6880-05$aDāstān-i Īrānī
=546  \\$aIn Persian.
=655  \7$aShort stories.$2lcgft
=852  0\$aNNU$bBOBST$cMAIN$hPK6562.21.A756$iN34 2015$p31142044566704
=880  1\$6100-01/(4/r$aکريم‌مسيحى، يوريک،$d1964 or 1965-
=880  10$6245-02/(3/r$aنفس عميق :$bمجموعه داستان /$cيوريک کريم‌مسيحى.
=880  \\$6250-03/(4/r$aچاپ اول.
=880  \1$6264-04/(3/r$a[تهران] :$bنشر آموت،$c1393 [2015]
=880  0\$6490-05/(3/r$aداستان ايرانى
=994  \\$aC0$bTEF

