=LDR  01295cam a2200361 a 4500
=001  004202365
=003  NNU
=005  20160405123435.0
=008  150428s2014\\\\ir\\\\\\\\\\\\000\j\per\d
=040  \\$aHLS$beng$erda$cHLS$dTEF
=066  \\$c(3$c(4
=020  \\$a9786007033111
=020  \\$a6007033112
=035  \\$a(OCoLC)915291034
=050  \4$aPK6562.29.U439$bM57 2014
=049  \\$aZYUU
=100  1\$6880-01$aSulaymāniyān Muqaddam, Kāmrān.
=245  10$6880-02$aMīrān :$bmajmūʻah-i dāstān /$cKāmrān Sulaymāniyān Muqaddam.
=250  \\$6880-03$aChāp-i avval.
=264  \1$6880-04$aTihrān :$bKitāb-i Āmah,$c1393 [2014 or 2015].
=300  \\$a128 pages ;$c22 cm
=336  \\$atext$btxt$2rdacontent
=337  \\$aunmediated$bn$2rdamedia
=338  \\$avolume$bnc$2rdacarrier
=500  \\$aShort stories.
=546  \\$aIn Persian.
=752  \\$aIran$dTehran.
=852  0\$aNNU$bBOBST$cMAIN$hPK6562.29.U439$iM57 2014$p31142044566712
=880  1\$6100-01/(3/r$aسلیمانیان مقدم, کامران.
=880  10$6245-02/(3/r$aمیران :$bمجموعه داستان /$cکامران سلیمانیان مقدم.
=880  \\$6250-03/(4/r$aچاپ اول.
=880  \1$6264-04/(3/r$aتهران :$bکتاب آمه,$c1393 [2014 or 2015].
=994  \\$aC0$bTEF

