=LDR  01989cam a2200469 a 4500
=001  003813763
=003  NNU
=005  20160405101935.0
=008  130110s2012\\\\ir\\\\\\\b\\\\001\0bper\\
=010  \\$a  2012432661
=040  \\$aDLC$beng$cDLC$dOCLCO$dOCLCQ$dTEF
=066  \\$c(3$c(4
=020  \\$a9789643034122
=020  \\$a9643034127
=035  \\$a(OCoLC)824088147
=037  \\$bLibrary of Congress -- Islamabad Overseas Office
=042  \\$alcode
=050  \4$aPK6451.A62$bZ86 2012
=049  \\$aZYUU
=100  1\$6880-01$aVilāyatī, ʻAlī Akbar,$d1945-
=245  10$6880-02$aAnvarī /$cDuktur ʻAlī Akbar Vilāyatī.
=250  \\$6880-03$aChāp-i 1.
=260  \\$6880-04$aTihrān :$bShirkat-i Sahāmī-i Kitābʹhā-yi Jībī,$c1391 [2012].
=300  \\$a167 pages ;$c17 cm
=336  \\$atext$btxt$2rdacontent
=337  \\$aunmediated$bn$2rdamedia
=338  \\$avolume$bnc$2rdacarrier
=490  1\$6880-05$aĀfarīnandigān-i farhang va tamaddun-i Islām va būm-i Īrān ;$v37
=546  \\$aIn Persian.
=504  \\$aIncludes bibliographical references and index.
=600  10$6880-06$aAnvarī, Awḥad al-Dīn,$d-1189 or 1190.
=650  \0$aPoets, Persian$y747-1500$vBiography.
=830  \0$6880-07$aĀfarīnandigān-i farhang va tamaddun-i Islām va būm-i Īrān ;$v37.
=852  0\$aNNU$bBOBST$cMAIN$hPK6451.A62$iZ86 2012$p31142048942299
=880  1\$6100-01/(3/r$aولاىتى، على اکبر.
=880  10$6245-02/(3/r$aانورى /$cدکتر على اکبر ولاىتى.
=880  \\$6250-03/(4/r$aچاپ 1.
=880  \\$6260-04/(3/r$aتهران :$bشرکت سهامى کتاب‌هاى جىبى،$c1391 [2012].
=880  1\$6490-05/(3/r$aآفرىنندگان فرهنگ و تمدن اسلام و بوم ايران ؛$v37
=880  14$6600-06/(3/r$aانورى، اوحد الدىن.
=880  \0$6830-07/(3/r$aآفرىنندگان فرهنگ و تمدن اسلام و بوم ايران ؛$v37.
=994  \\$aC0$bTEF

