=LDR  01723cam a2200445 a 4500
=001  004041801
=003  NNU
=005  20160406022751.0
=008  040218s1997\\\\ir\afh\\\\\\\\001\0dper\d
=010  \\$a   97933717 
=040  \\$aNjP$beng$cPUL$dDLC$dOCLCF$dOCLCO$dOCLCQ
=066  \\$c(3$c(4
=035  \\$a(OCoLC)39827500
=042  \\$alccopycat$alcode
=043  \\$aa-ir---
=050  00$aDS318.6$b.T87 1997
=049  \\$aZYUU
=100  1\$6880-01$aTurbatī Sanjābī, Maḥmūd.
=245  10$6880-02$aKūditāsāzān /$cMaḥmūd Turbatī Sanjābī.
=250  \\$6880-03$aChāp-i 1.
=260  \\$6880-04$a[Tehran?] :$bMuʼassasah-i Farhang-i Kāvish,$c1376 [1997]
=300  \\$a212 pages, [14] pages of plates :$billustrations, facsimiles ;$c22 cm
=336  \\$atext$btxt$2rdacontent
=337  \\$aunmediated$bn$2rdamedia
=338  \\$avolume$bnc$2rdacarrier
=500  \\$aIncludes index.
=600  10$6880-05$aTurbatī Sanjābī, Maḥmūd.
=651  \0$aIran$xHistory$yCoup d'état, 1953.
=600  17$aTurbatī Sanjābī, Maḥmūd.$2fast$0(OCoLC)fst00391559
=611  27$aCoup d'état (Iran :$d1953)$2fast$0(OCoLC)fst01352599
=651  \7$aIran.$2fast$0(OCoLC)fst01204889
=648  \7$a1953$2fast
=655  \7$aHistory.$2fast$0(OCoLC)fst01411628
=852  0\$aNNU$bBOBST$cMAIN$hDS318.6$i.T87 1997$p31142048945391
=880  1\$6100-01/(3/r$aتربتى سنجابى، محمود.
=880  10$6245-02/(4/r$aکودتاسازان /$cمحمود تربتى سنجابى.
=880  \\$6250-03/(4/r$aچاپ 1.
=880  \\$6260-04/(3/r$a[Tehran?] :$bمؤسسه فرهنگ کاوش،$c1376 [1997].
=880  14$6600-05/(3/r$aتربتى سنجابى، محمود.
=994  \\$aC0$bTEF

