=LDR  01073cam a2200325 i 4500
=001  004041926
=003  NNU
=005  20160406031500.0
=008  160406s19uu\\\\ir\\\\\\\\\\\\000\0\per\d
=040  \\$aNYU$beng$erda$cTEF$dTEF
=066  \\$c(3
=035  \\$a(OCoLC)946050647
=041  1\$aper$hara
=050  \4$aBP104.6$b.K487 1900z
=049  \\$aZYUU
=130  0\$6880-01$aQurʼan.$lPersian.
=245  13$6880-02$aal-Qurʼān va al-furqān.
=264  \1$a[Iran] :$b[publisher not identified],$c[19--?].
=300  \\$a839 pages ;$c24 cm
=336  \\$atext$btxt$2rdacontent
=337  \\$aunmediated$bn$2rdamedia
=338  \\$avolume$bnc$2rdacarrier
=546  \\$aIn Persian.
=630  00$aQurʼan$xCriticism, interpretation, etc.
=700  1\$6880-03$aKhūrshīd, Faraj,$ewritter of introduction.
=852  0\$aNNU$bBOBST$cMAIN$hBP104.6$i.K487 1900z$p31142048945474
=880  0\$6130-01/(3/r$aقرآن.$lPersian.
=880  12$6245-02/(3/r$aالقرآن و الفرقان.
=880  1\$6700-03/(3/r$aخورشىد، فرج،$ewritter of introduction.
=994  \\$aC0$bTEF

