=LDR  03746cam a2200637 i 4500
=001  004202394
=003  NNU
=005  20160405104308.0
=008  150629s2014\\\\ir\\\\\\\b\\\\000\0\per\\
=010  \\$a  2015326575
=040  \\$aDLC$beng$erda$cDLC$dOCLCO$dTEF
=066  \\$c(3$c(4
=020  \\$a9786001757358
=020  \\$a6001757356
=035  \\$a(OCoLC)912508481
=037  \\$aLibrary of Congress -- Islamabad Overseas Office
=042  \\$alcode
=043  \\$aa-ir---$aa-iq---
=050  \4$aDS318.85$b.J368 2014
=049  \\$aZYUU
=100  1\$6880-01$aJamshīdī, Farānak,$d1967 or 1968-$eauthor.
=245  10$6880-02$aBāzʹandīshī-i intiqādī :$b"Pursishʹhā-yi jang" va "Jang-i Īrān va ʻIrāq, mawz̤ūʻāt va masāʼil" /$cFarānak Jamshīdī.
=250  \\$6880-03$aChāp-i avval.
=264  \1$6880-04$aTihrān :$bIntishārāt-i Sūrah-i Mihr (vābastah bih Ḥawzah-i Hunarī),$c1393 [2014 or 2015]
=300  \\$a153 pages ;$c21 cm.
=336  \\$atext$btxt$2rdacontent
=337  \\$aunmediated$bn$2rdamedia
=338  \\$avolume$bnc$2rdacarrier
=490  1\$6880-05$aDaftar-i Adabīyāt va Hunar-i Muqāvamat ;$v630.$aJang-i Īrān va ʻIrāq, pizhūhish va naqd ;$v24
=546  \\$aIn Persian.
=500  \\$a"Sūrah-i Mihr (vābastah bih Ḥawzah-i Hunarī) ; Daftar-i Adabīyāt va Hunar-i Muqāvamat  ; Nāshir-i bartar-i Andīshah va Hunar-i Inqilāb-i Islāmī "--Page 4 of cover.
=504  \\$aIncludes bibliographical references.
=600  10$6880-06$aDurūdiyān, Muḥammad.$tPursishʹhā-yi asāsī-i jang$xCriticism and interpretation.
=600  10$6880-07$aDurūdiyān, Muḥammad.$tJang-i Īrān va ʻIraq$xCriticism and interpretation.
=650  \0$aIran-Iraq War, 1980-1988.
=700  12$6880-08$aDurūdiyān, Muḥammad.$tPursishʹhā-yi asāsī-i jang.
=700  12$6880-09$aDurūdiyān, Muḥammad.$tJang-i Īrān va ʻIraq.
=710  2\$6880-10$aShirkat-i Intishārāt-i Sūrah-i Mihr.
=710  2\$6880-11$aDaftar-i Adabīyāt va Hunar-i Muqāvamat (Iran)
=830  \0$6880-12$aDaftar-i Adabīyāt va Hunar-i Muqāvamat (Series) ;$v630.
=830  \0$6880-13$aDaftar-i Adabīyāt va Hunar-i Muqāvamat (Series).$pJang-i Īrān va ʻIrāq, pizhūhish va naqd ;$v24.
=852  0\$aNNU$bBOBST$cMAIN$hDS318.85$i.J368 2014$p31142055321486
=880  1\$6100-01/(3/r$aجمشىدى، فرانک،$eauthor.
=880  10$6245-02/(3/r$aباز‌انديشى انتقادى :$b"پرسش‌هاى جنگ" و "جنگ ايران و عراق، موضوعات و مسائل" /$cفرانک جمشيدى.
=880  \\$6250-03/(4/r$aچاپ اول.
=880  \1$6264-04/(3/r$aتهران :$bانتشارات سوره مهر (وابسته به حوزه هنرى)،$c1393 [2014 or 2015].
=880  1\$6490-05/(3/r$aدفتر ادبيات و هنر مقاومت ؛$v630.$aجنگ ايران و عراق، پژوهش و نقد ؛$v24
=880  14$6600-06/(3/r$aدرودىان، محمد.$tپرسش‌اى اساسى جنگ.
=880  14$6600-07/(3/r$aدرودىان، محمد.$tجنگ ايران و عراق.
=880  12$6700-08/(3/r$aدروديان، محمد.$tپرسش‌هاى اساسى جنگ.
=880  12$6700-09/(3/r$aدروديان، محمد.$tجنگ ايران و عراق.
=880  2\$6710-10/(3/r$aشرکت انتشارات سوره مهر.
=880  2\$6710-11/(3/r$aدفتر ادبيات و هنر مقاومت (ايران).
=880  \0$6830-12/(3/r$aدفتر ادبيات و هنر مقاومت (سلسله) ؛$v630.
=880  \0$6830-13/(3/r$aدفتر ادبيات و هنر مقاومت (سلسله).$pجنگ ايران و عاراق، پژوهش و نقد ؛$v24.
=994  \\$aC0$bTEF

