=LDR  02181cam a2200517 i 4500
=001  004202395
=003  NNU
=005  20160405110504.0
=008  150629s2014\\\\ir\\\\\\\\\\\\000\0\per\\
=010  \\$a  2015326576
=040  \\$aDLC$beng$erda$cDLC$dOCLCO$dNOC
=066  \\$c(3$c(4
=020  \\$a9786007212011
=020  \\$a6007212017
=035  \\$a(OCoLC)912508482
=037  \\$aLibrary of Congress -- Islamabad Overseas Office
=042  \\$alcode
=043  \\$aa-ir---
=050  \4$aBP188.16.M59$bR84 2014
=049  \\$aZYUU
=100  1\$6880-01$aRūḥānī, Ḥasan,$eauthor.
=240  10$aSpeeches.$kSelections
=245  10$6880-02$aGuftimān-i iʻtidāl :$bguz̲arī bar ārā va andīshahʹhā-yi Duktur Ḥasan Rūḥānī /$cbih kūshish: ʻAbbās Bashīrī.
=250  \\$6880-03$aChāp-i avval.
=264  \1$6880-04$aTihrān :$bIntishārāt-i Tīsā,$c1393 [2014]
=300  \\$a535 pages ;$c22 cm.
=336  \\$atext$btxt$2rdacontent
=337  \\$aunmediated$bn$2rdamedia
=338  \\$avolume$bnc$2rdacarrier
=490  1\$6880-05$aFarhang va ijtimāʻ ;$v77
=500  \\$a"Shumārah-i nashr: 135"--Title page verso.
=520  \\$aRūḥānī, Ḥasan ; Moderation -- Religious aspects -- Islam ; Iran - Politics and government - 1997.
=546  \\$aIn Persian.
=650  \0$aModeration$xReligious aspects$xIslam.
=651  \0$aIran$xPolitics and government$y1997-
=700  1\$6880-06$aBashīrī, ʻAbbās,$d1968 or 1969-$eauthor.
=830  \0$6880-07$aFarhang va ijtimāʻ ;$v77.
=852  0\$aNNU$bBOBST$cMAIN$hBP188.16.M59$iR84 2014$p31142055321494
=880  1\$6100-01/(3/r$aروحانى، حسن.
=880  10$6245-02/(4/r$aگفتمان اعتدال :$bگذرى بر آرا و انديشه‌هاى دکتر حسن روحانى /$cبه کوشش، عباس بشيرى.
=880  \\$6250-03/(4/r$aچاپ اول.
=880  \1$6264-04/(3/r$aتهران :$bانتشارات تيسا،$c1393 [2014]
=880  1\$6490-05/(3/r$aفرهنگ و اجتماع ؛$v77
=880  1\$6700-06/(3/r$aبشيرى، عباس،$d1968 or 1969-
=880  \0$6830-07/(3/r$aفرهنگ و اجتماع ؛$v77.
=994  \\$aC0$bTEF

