=LDR  01575nam a2200373 i 4500
=001  004051685
=003  NNU
=005  20160406021841.0
=008  160406s2013\\\\ir\\\\\\\b\\\\000\0\per\d
=040  \\$aNYU$beng$erda$cTEF
=066  \\$c(3$c(4
=020  \\$a9789649463070$cprint
=020  \\$a9649463070$cprint
=035  \\$a(OCoLC)946048695
=050  \4$aPK6349$b.Z843 2013
=049  \\$aZYUU
=100  1\$6880-01$aZ̲ū al-Faqārī, Ḥasan,$eauthor.
=245  10$6880-02$aFarhangvārah-yi nāmahʹnigarī :$bbih hamrāhi āyīn nigārish va durustʹ nivīsī-i anvāʻ-i nāmahʹhā /$cDuktur Ḥasan Z̲ū al-Faqārī.
=250  \\$6880-03$aChāp-i avval.
=264  \1$6880-04$aTihrān :$bNashr-i Rushd Āvarān,$c1392 [2013 or 2014].
=300  \\$a329 pages ;$c23 cm
=336  \\$atext$btxt$2rdacontent
=337  \\$aunmediated$bn$2rdamedia
=338  \\$avolume$bnc$2rdacarrier
=546  \\$aIn Persian.
=504  \\$aIncludes bibliographical references (pages [326]-329).
=650  \0$aLetter writing, Persian.
=650  \0$aPersian language$xRhetoric.
=852  0\$aNNU$bBOBST$cMAIN$hPK6349$i.Z843 2013$p31142056208294
=880  1\$6100-01/(3/r$aذو الفقارى، حسن،$eauthor.
=880  10$6245-02/(3/r$aفرهنگوارهى نامه‌نگرى :$bبه همراه آىىن نگارش و درست‌ نوىسى انواع نامه‌ها /$cدکتر حسن ذو الفقارى.
=880  \\$6250-03/(4/r$aچاپ اول.
=880  \1$6264-04/(3/r$aتهران :$bنشر رشد آوران،$c1392 [2013 or 2014].
=994  \\$aC0$bTEF

