=LDR  02452nam a2200481 i 4500
=001  004051735
=003  NNU
=005  20160406011846.0
=008  160406s2014\\\\ir\h\\\\\b\\\\001\0\per\d
=040  \\$aNYU$beng$erda$cTEF
=066  \\$c(3$c(4
=020  \\$a9786002030726$cprint
=020  \\$a6002030727$cprint
=035  \\$a(OCoLC)946043125
=041  1\$aper$hara
=050  \4$aDS38.4.A5$bA41675 2014
=049  \\$aZYUU
=100  0\$6880-01$aʻAlī ibn Abī Ṭālib,$cCaliph,$dapproximately 600-661,$eauthor.
=240  10$6880-02$aʻAhd al-ʻAlawī al-sharīf.$lPersian
=245  10$6880-03$aʻAhdnāmah-ʼi Mālik Ashtar /$ctarjumah-ʼi Muḥammad Ibrāhīm Bidāyiʻʹnigār Tihrānī (1241-1299 H.Q) ; muqaddimah, taṣḥīḥ va taʻlīqāt-i Muḥammad Shādruwīʹmanish va Maḥmūd ʻĀbidī.
=246  15$aʻAhdnāmah-ʼi Mālik al-Ashtar
=250  \\$6880-04$aChāp-i avval.
=264  \1$6880-05$aTihrān :$bMarkaz-i Pizhūhishī-i Mīrās̲-i Maktūb,$c2014.
=300  \\$a158, 9 pages ;$c24 cm
=336  \\$atext$btxt$2rdacontent
=337  \\$aunmediated$bn$2rdamedia
=338  \\$avolume$bnc$2rdacarrier
=546  \\$aIn Persian.
=504  \\$aIncludes bibliographical references (pages [155]-158) and indexes.
=600  00$6880-06$aʻAlī ibn Abī Ṭālib,$cCaliph,$dapproximately 600-661$vCorrespondence.
=600  10$6880-07$aAshtar, Mālik ibn al-Ḥārith,$d-658?$vCorrespondence.
=650  \0$aIslam and state$vEarly works to 1800.
=700  1\$6880-08$aNavvāb Ṭihrānī, Muḥammad Ibrāhīm,$etranslator.
=852  0\$aNNU$bBOBST$cMAIN$hDS38.4.A5$iA41675 2014$p31142056208963
=880  0\$6100-01/(3/r$aعلي بن ابي طالب$cخليفة,$eauthor.
=880  10$6240-02/(3/r$aعهد العلوي الشريف.$lPersian
=880  10$6245-03/(3/r$aعهدنامۀ مالک اشتر /$cترجمۀ محمد ابراهىم بداىع‌نگار تهرانى (1241-1299 هـ.ق) ؛ مقدمه، تصحىح و تعلىقات محمد شادروى‌منش و محمود عابدى.
=880  \\$6250-04/(4/r$aچاپ اول.
=880  \1$6264-05/(3/r$aتهران :$bمرکز پژوهشى مىراث مکتوب،$c2014.
=880  04$6600-06/(3/r$aعلي بن ابي طالب$cخليفة.
=880  14$6600-07/(3/r$aاشتر، مالك بن الحارث.
=880  1\$6700-08/(3/r$aنڤاب طهرانى، محمد ابراهىم،$etranslator.
=994  \\$aC0$bTEF

