=LDR  02209cam a2200457 i 4500
=001  004051736
=003  NNU
=005  20160405013903.0
=008  140829s2014\\\\ir\\\\\\\b\\\\000\0\per\\
=010  \\$a  2014323870
=040  \\$aDLC$beng$erda$cDLC$dOCLCO$dTEF
=066  \\$c(3$c(4
=020  \\$a9789642140800
=020  \\$a9642140802
=035  \\$a(OCoLC)889688631
=037  \\$aLibrary of Congress -- Islamabad Overseas Office
=041  0\$aper$aara
=042  \\$alcode
=050  \4$aBJ1291$b.M868 2014
=049  \\$aZYUU
=100  1\$6880-01$aMuntaẓirī, Ḥusayn ʻAlī,$eauthor.
=245  10$6880-02$aFarāz va furūd-i nafs :$bdarsʹhāyī az akhlāq, sharḥī bar Jāmiʻ al-saʻādāt : faqīh-i ʻalīqadr, Ḥaz̤rat Āyat Allāh al-ʻUẓmá Muntaẓirī (quddisa sirruh) /$cbih ihtimām-i Mujtabá Luṭfī.
=250  \\$6880-03$aChāp-i avval.
=264  \1$6880-04$aTihrān :$bIntishārāt-i Kavīr,$c1393 [2014 or 2015].
=300  \\$a352 pages ;$c24 cm
=336  \\$atext$2rdacontent
=337  \\$aunmediated$2rdamedia
=338  \\$avolume$2rdacarrier
=546  \\$aIn Persian; includes citations in Arabic.
=504  \\$aIncludes bibliographical references (pages 351-352).
=600  10$6880-05$aNarāqī, Muḥammad Mahdī ibn Abī Z̲arr,$d-1794 or 1795.$tJāmiʻ al-saʻādāt$xCriticism and interpretation.
=650  \0$aIslamic ethics.
=700  1\$6880-06$aLuṭfī, Mujtabá,$d1968 or 1969-$ecompiler.
=852  0\$aNNU$bBOBST$cMAIN$hBJ1291$i.M868 2014$p31142056208971
=880  1\$6100-01/(3/r$aمنتظرى، حسىن على،$eauthor.
=880  10$6245-02/(3/r$aفراز و فرود نفس :$bدرس‌هايى از اخلاق، شرحى بر جامع السعادات : فقيه عليقدر، حضرت آيت الله العظمى منتظرى (قدس سره) /$cبه اهتمام مجتبى لطفى.
=880  \\$6250-03/(4/r$aچاپ اول.
=880  \1$6264-04/(3/r$aتهران :$bانتشارات کوير،$c1393 [2014 or 2015].
=880  14$6600-05/(3/r$aنراقى، محمد مهدى بن ابى ذر.$tجامع السعادات.
=880  1\$6700-06/(3/r$aلطفى، مجتبى،$ecompiler.
=994  \\$aC0$bTEF

