=LDR  01462cam a2200409 i 4500
=001  004051743
=003  NNU
=005  20160405025210.0
=008  140829s2013\\\\ir\a\\\\\s\\\\000\0\per\\
=010  \\$a  2014323876
=040  \\$aDLC$beng$erda$cDLC$dOCLCO$dTEF
=066  \\$c(3$c(4
=020  \\$a9789643659042
=020  \\$a9643659046
=035  \\$a(OCoLC)889688603
=037  \\$aLibrary of Congress -- Islamabad Overseas Office
=042  \\$alcode
=050  \4$aHD5812.56.A6$bN383 2013
=049  \\$aZYUU
=245  00$6880-01$aNatāyij-i āmārgīrī-i nīrū-yi kār 1391.
=250  \\$6880-02$aChāp-i avval.
=264  \1$6880-03$aTihrān :$bMarkaz-i Āmār-i Īrān,$c1392 [2013].
=300  \\$a366 pages :$billustrations ;$c29 cm
=336  \\$atext$2rdacontent
=337  \\$aunmediated$2rdamedia
=338  \\$avolume$2rdacarrier
=546  \\$aIn Persian.
=650  \0$aManpower$zIran$vStatistics.
=650  \0$aManpower$xEmployment$zIran$vStatistics.
=650  \0$aUnemployment$zIran$vStatistics.
=710  2\$6880-04$aMarkaz-i Āmār-i Īrān,$eproducer.
=852  0\$aNNU$bBOBST$cMAIN$hHD5812.56.A6$iN383 2013$p31142056209029
=880  00$6245-01/(3/r$aنتاىج آمارگىرى نىروى کار 1391.
=880  \\$6250-02/(4/r$aچاپ اول.
=880  \1$6264-03/(3/r$aتهران :$bمرکز آمار ايران،$c1392 [2013].
=880  2\$6710-04/(3/r$aمرکز آمار ايران،$eproducer.
=994  \\$aC0$bTEF

