=LDR  02689cam a2200481 i 4500
=001  004051754
=003  NNU
=005  20160405013303.0
=008  141024s2013\\\\ir\h\\\\\\\\\\000\0\per\\
=010  \\$a  2014310462
=040  \\$aDLC$beng$erda$cDLC$dHLS$dOCLCO$dTEF
=066  \\$c(3$c(4
=020  \\$a9786003130708
=020  \\$a6003130709
=035  \\$a(OCoLC)893784507
=037  \\$bLibrary of Congress -- Islamabad Overseas Office
=042  \\$alcode
=050  \4$aR128.3$b.M873 2013
=049  \\$aZYUU
=245  00$6880-01$aMurakkabāt qarābādīn :$brisālah dar tartīb-i advīyah-ʼi murakkabah /$caz muʼallifī-i nāʹshinākhtah-i bar asās-i nuskhah-i khaṭṭī-i shumārah-i 330 (Sinā) mawjūd dar Kitābkhānah-i Majlis-i Shawrā-yi Islāmī ; bā muqaddimah va taṣḥīḥ-i Duktur Masʻūd Ghulāmīh, Duktur Yūsuf Bayg Bābāpūr.
=250  \\$6880-02$aChāp-i avval.
=264  \1$6880-03$aTihrān :$bSafīr-i Ardihāl,$c1392 [2013].
=300  \\$a176 pages :$bfacsimiles ;$c24 cm.
=336  \\$atext$2rdacontent
=337  \\$aunmediated$2rdamedia
=338  \\$avolume$2rdacarrier
=490  1\$6880-04$aMajmūʻah-i davā va darmān dar rūzigārān-i kuhan ;$v12
=546  \\$aIn Persian.
=650  \0$aMedicine, Arab$vFormulae, receipts, prescriptions.
=650  \0$aPharmacology$xEarly works to 1800.
=650  \0$aTraditional medicine$vEarly works to 1800.
=700  1\$6880-05$aGhulāmīyah, Masʻūd,$d1967 or 1968-$eeditor,$ewriter of introduction.
=700  1\$6880-06$aBābāpūr, Yūsuf Bayg,$eeditor,$ewriter of introduction.
=830  \0$6880-07$aMajmūʻah-i davā va darmān dar rūzigārān-i kuhan ;$v12.
=852  0\$aNNU$bBOBST$cMAIN$hR128.3$i.M873 2013$p31142056209235
=880  00$6245-01/(3/r$aمركّبات قرابادىن :$bرساله در ترتىب ادويۀ مركّبه /$cاز مؤلفى ناشناخته بر اساس نسخه خطى شماره 330 (سنا) موجود در کتابخانه مجلس شوراى اسلامى ؛ با مقدمه و تصحىح دکتر مسعود غلامىه، دکتر ىوسف بىگ باباپور.
=880  \\$6250-02/(4/r$aچاپ اول.
=880  \1$6264-03/(3/r$aتهران :$bسفىر اردهال،$c1392 [2013].
=880  1\$6490-04/(3/r$aمجموعه دوا و درمان در روزگاران کهن ؛$v12
=880  1\$6700-05/(3/r$aغلامية، مسعود،$eeditor,$ewriter of introduction.
=880  1\$6700-06/(3/r$aباباپور، ىوسف بىگ،$eeditor,$ewriter of introduction.
=880  \0$6830-07/(3/r$aمجموعه دوا و درمان در روزگاران کهن ؛$v12.
=994  \\$aC0$bTEF

