=LDR  02588cam a2200577 i 4500
=001  004051757
=003  NNU
=005  20160405011254.0
=008  141106s2013\\\\ir\h\\\\\\\\\\000\0\ara\\
=010  \\$a  2014323934
=040  \\$aDLC$beng$erda$cNLM$dOCLCO$dTEF
=066  \\$c(3$c(4
=016  7\$a101670776$2DNLM
=020  \\$a9786003130524
=020  \\$a6003130520
=029  0\$aNLM$b101670776
=035  \\$a(OCoLC)894777855
=037  \\$bLibrary of Congress -- Islamabad Overseas Office
=042  \\$alcode$anlmcopyc
=050  \4$aR128.3$b.R395 2013
=060  00$a2015 J-485
=060  10$aWZ 290
=049  \\$aZYUU
=100  1\$aRāzī, Abū Bakr Muḥammad ibn Zakarīyā,$d865?-925?,$eauthor.
=240  10$6880-01$aMurshid
=245  13$6880-02$aal-Fuṣūl fī al-ṭibb (al-Murshid fī al-ṭibb) /$ctaʼlīf Abū Bakr Muḥammad ibn Zakarīyā Rāzī ; bih kūshish-i Duktur Yūsuf Bayg Bābāpūr.
=246  3\$6880-03$aMurshid fī al-ṭibb
=250  \\$6880-04$aChāp-i avval.
=264  \1$6880-05$aTihrān :$bSafīr-i Ardihāl,$c1392 [2013].
=300  \\$a102 pages :$bfacsimiles ;$c24 cm.
=336  \\$atext$2rdacontent
=337  \\$aunmediated$2rdamedia
=338  \\$avolume$2rdacarrier
=490  1\$6880-06$aMajmūʻah-i davā va darmān dar rūzigārān-i kuhan ;$v11
=500  \\$6880-07$a"Īn kitāb sharḥī bar kitāb-i "Fuṣūl" taʼlīf-i Buqrāṭ ast."
=600  00$aHippocrates.$tAphorisms$xCriticism and interpretation.
=650  \0$aMedicine, Greek and Roman.
=650  \0$aTraditional medicine$vEarly works to 1800.
=650  12$aMedicine, Arabic
=655  \2$aAphorisms and Proverbs
=830  \0$6880-08$aMajmūʻah-i davā va darmān dar rūzigārān-i kuhan ;$v11.
=852  0\$aNNU$bBOBST$cMAIN$hR128.3$i.R395 2013$p31142056209250
=880  10$6240-01/(3/r$aمرشد
=880  12$6245-02/(3/r$aالفصول في الطبّ (لمرشد في الطبّ) /$cتأليف ابو بكر محمد بن زكريا رازي ؛ به كوشش دكتر يوسف بيگ باباپور.
=880  3\$6246-03/(3/r$aمرشد في الطبّ
=880  \\$6250-04/(4/r$aچاپ اول.
=880  \1$6264-05/(3/r$aتهران :$bسفىر اردهال،$c1392 [2013].
=880  1\$6490-06/(3/r$aمجموعه دوا و درمان در روزگاران کهن ؛$v11
=880  \\$6500-07/(3/r$a"اين کتاب شرحى بر کتاب "فصول" تاءلىف بقراط است."
=880  \0$6830-08/(3/r$aمجموعه دوا و درمان در روزگاران کهن ؛$v11.
=994  \\$aC0$bTEF

