=LDR  02407cam a2200445 i 4500
=001  004051759
=003  NNU
=005  20160405020252.0
=008  141106s2013\\\\ir\h\\\\\\\\\\000\0\per\\
=010  \\$a  2014311637
=040  \\$aDLC$beng$erda$cDLC$dOCLCO$dTEF
=066  \\$c(3$c(4
=020  \\$a9786006068619
=020  \\$a6006068613
=035  \\$a(OCoLC)894777845
=037  \\$bLibrary of Congress -- Islamabad Overseas Office
=042  \\$alcode
=050  \4$aRD25$b.A286 2013
=049  \\$aZYUU
=100  0\$6880-01$aAbū al-Qāsim Khalaf ibn ʻAbbās al-Zahrāwī,$d-1013?$eauthor.
=245  10$6880-02$aNuskhah bargardān-i maqālāt-i sīʹum al-Taṣrīf li-man ʻajiza ʻan al-taʼlīf :$bdar abzārʹhā-yi jarrāḥī /$ctaʼlīf-i Abū al-Qāsim Khalaf ibn ʻAbbās Zahrāwī Andalusī (mutiʻalliq bih Kitābkhānah-i Majlis-i Shawrā-yi Islāmī, shumārah-i 397 Sinā) ; bih kūshish-i Duktur Yūsuf Bayg Bābāpūr.
=250  \\$6880-03$aChāp-i avval.
=264  \1$6880-04$aTihrān :$bSafīr-i Ardihāl,$c1392 [2013].
=300  \\$a264 pages :$bfacsimiles ;$c24 cm
=336  \\$atext$2rdacontent
=337  \\$aunmediated$2rdamedia
=338  \\$avolume$2rdacarrier
=490  1\$6880-05$aMajmūʻah-i davā va darmān dar rūzigārān-i kuhan ;$v5
=546  \\$aIn Persian.
=650  \0$aSurgery$vEarly works to 1800.
=650  \0$aMedicine, Arab.
=830  \0$6880-06$aMajmūʻah-i davā va darmān dar rūzigārān-i kuhan ;$v5.
=852  0\$aNNU$bBOBST$cMAIN$hRD25$i.A286 2013$p31142056209276
=880  0\$6100-01/(3/r$aابو القاسم خلف بن عباس الزهراوي،$eauthor.
=880  10$6245-02/(3/r$aنسخه برگردان مقالات سى‌ام التصرىف لمن عجز عن التألىف :$bدر ابزار‌هاى جراحى /$cتألىف ابو القاسم خلف بن عباس زهراوى اندلسى (متعلق به کتابخانه مجلس شوراى اسلامى، شماره 397 سنا) ؛ به کوشش دکتر ىوسف بىگ باباپور.
=880  \\$6250-03/(4/r$aچاپ اول.
=880  \1$6264-04/(3/r$aتهران :$bسفىر اردهال،$c1392 [2013].
=880  1\$6490-05/(3/r$aمجموعه دوا و درمان در روزگاران کهن ؛$v5
=880  \0$6830-06/(3/r$aمجموعه دوا و درمان در روزگاران کهن ؛$v5.
=994  \\$aC0$bTEF

