=LDR  02139cam a2200433 i 4500
=001  004086978
=003  NNU
=005  20160405053203.0
=008  160405s2014\\\\ir\ah\\\\c\\\\000\0\per\d
=040  \\$aNYU$beng$erda$cTEF$dTEF
=066  \\$c(3$c(4
=020  \\$a9789649885742$cprint
=020  \\$a9649885749$cprint
=035  \\$a(OCoLC)945991301
=050  \4$aZ115.5.P45$bM883 2014
=049  \\$aZYUU
=100  1\$6880-01$aMūsavīʹnizhād, Sayyid Muḥammad,$eauthor.
=245  10$6880-02$aAsnād va murāsalāt-i Mālistān, Ghaznīn-Afghānistān :$basnād-i shakhṣī-i Shaykh Ẓāhir Tavassulī ... /$cnigārish va ʻaskabar dārī-i Sayyid Muḥammad (ʻĀrif) Mūsavīʹnizhād.
=250  \\$6880-03$aChāp-i avval.
=264  \1$6880-04$aQum :$bNashr-i Majmaʻ-i Z̲akāʼir-i Islāmī,$c2014.
=300  \\$a47, 107 pages :$billustrations, facsimiles ;$c25 cm.
=336  \\$atext$btxt$2rdacontent
=337  \\$aunmediated$bn$2rdamedia
=338  \\$avolume$bnc$2rdacarrier
=490  1\$6880-05$aMuʻarrifī-i mīrās̲-i makhṭūṭ ;$v236
=546  \\$aIn Persian.
=650  \0$aManuscripts$zAfghanistan$zMālistān$vCatalogs.
=650  \0$aManuscripts$zAfghanistan$zGhaznī$vCatalogs.
=650  \0$aManuscripts, Persian$zAfghanistan$zMālistān$vCatalogs.
=650  \0$aManuscripts, Persian$zAfghanistan$zGhaznī$vCatalogs.
=830  \0$6880-06$aMuʻarrifī-i mīrās̲-i makhṭūṭ ;$v236.
=852  0\$aNNU$bBOBST$cMAIN$hZ115.5.P45$iM883 2014$p31142056212908
=880  1\$6100-01/(3/r$aموسوى‌نژاد، سيد محمد،$eauthor.
=880  10$6245-02/(3/r$aاسناد و مراسلات مالستان، غزنىن-افغانستان :$bاسناد شخصى شىخ ظاهر توسلى ... /$cنگارش و عسکبر دارى سيد محمد (عارف) موسوى‌نژاد.
=880  \\$6250-03/(4/r$aچاپ اول.
=880  \1$6264-04/(3/r$aقم :$bنشر مجمع ذکائر اسلامى،$c2014.
=880  1\$6490-05/(3/r$aمعرفى مىراث مخطوط ؛$v236
=880  \0$6830-06/(3/r$aمعرفى مىراث مخطوط ؛$v236.
=994  \\$aC0$bTEF

