=LDR  02292nam a2200397 i 4500
=001  004087045
=003  NNU
=005  20160405034810.0
=008  160405s2014\\\\ir\a\\\\\b\\\\000\0\per\d
=040  \\$aNYU$beng$erda$cTEF
=066  \\$c(3$c(4
=020  \\$a9786006413853$cprint
=020  \\$a600641385X$cprint
=035  \\$a(OCoLC)945987764
=041  0\$aper$aeng
=050  \4$aNK3633.A2$bM883 2013
=049  \\$aZYUU
=100  1\$6880-01$aMūsavī Jazāyirī, Muḥammad Vaḥīd,$d1969-$eauthor.
=245  10$6880-02$aĀmūzish-i khvāndan va khūshʹnavīsī dar dustʹnivishtihʹhā-yi khaṭṭ-i Kūfī-i avvalīyah :$bkhāstagāh-i alfabā-yi muʻāṣir Fārsī va ʻArabī /$cas̲arī az muʼallif-i dānishnāmah-i Kūfī Sayyid Muḥammad Vaḥīd Mūsavī Jazāyirī ; bih hamrāh-i navishtārī az Duktur Pātrīk Rīnginbirg ... [and five others].
=246  15$aTeaching reading and writing ancient primary Kufic in the manuscripts :$bthe origin of the alphabets of contemporary Arabic, Farsi, adn Turkish Othmani scripts
=250  \\$6880-03$aChāp-i avval.
=264  \1$6880-04$aTihrān :$bIntishārāt-i Kitāb-i Ābān,$c1392 [2013 or 2014].
=300  \\$a213, 39 pages :$billustrations (some color) ;$c23 cm
=336  \\$atext$btxt$2rdacontent
=337  \\$aunmediated$bn$2rdamedia
=338  \\$avolume$bnc$2rdacarrier
=546  \\$aIn Persian and English.
=504  \\$aIncludes bibliographical references (pages 26-27).
=650  \0$aCalligraphy, Arabic.
=700  1\$aRinggenberg, Patrick,$eauthor.
=852  0\$aNNU$bBOBST$cMAIN$hNK3633.A2$iM883 2013$p31142056213633
=880  1\$6100-01/(3/r$aموسوى جزاىرى، محمد وحىد،$eauthor.
=880  10$6245-02/(3/r$aآموزش خواندن و خوش‌نوىسى در دست‌نوشته‌هاى خط کوفى اڤلية :$bخاستگاه الفباى معاصر فارسى و عربى /$cاثرى از مؤلف دانشنامه کوفى سيد محمد وحىد موسوى جزاىرى ؛ به همراه نوشتارى از دکتر پاترىک رىنگنبرگ ... [and five others].
=880  \\$6250-03/(4/r$aچاپ اول.
=880  \1$6264-04/(3/r$aتهران :$bانتشارات کتاب آبان،$c1392 [2013 or 2014].
=994  \\$aC0$bTEF

