=LDR  01875nam a2200409 i 4500
=001  004087050
=003  NNU
=005  20160405045417.0
=008  160405s2014\\\\ir\\\\\\\\\\\\001\0\per\d
=040  \\$aNYU$beng$erda$cTEF
=066  \\$c(3$c(4
=020  \\$a9786009103058$cprint
=020  \\$a6009103053$cprint
=035  \\$a(OCoLC)945989767
=050  \4$aDS272$b.I843 2014
=049  \\$aZYUU
=100  1\$6880-01$aIṣfahānī, Muḥammad ibn Sabz ʻAlī,$eauthor.
=245  10$6880-02$aWajīzat al-taḥrīr :$bdar chigūnagī-i tanẓīm-i asnād-i sharʻī millī va ḥuqūqī dar dawrahʹ-yi Ṣafavī va Qājār /$cMuḥammad ibn Sabz ʻAlī iṣfahānī ; bih kūshish-i Rasūl Jaʻfariyān.
=246  3\$aVajīzat al-taḥrīr
=250  \\$6880-03$aChāp-i avval.
=264  \1$6880-04$aQum :$bNashr-i Muvarrikh,$c1393 [2014 or 2015].
=300  \\$a195 pages ;$c25 cm
=336  \\$atext$btxt$2rdacontent
=337  \\$aunmediated$bn$2rdamedia
=338  \\$avolume$bnc$2rdacarrier
=546  \\$aIn Persian.
=500  \\$aIncludes index.
=651  \0$aIran$xHistory$yQajar dynasty, 1794-1925$vSources.
=651  \0$aIran$xHistory$yṢafavid dynasty, 1501-1736$vSources.
=700  1\$6880-05$aJaʻfariyān, Rasūl,$eeditor.
=852  0\$aNNU$bBOBST$cMAIN$hDS272$i.I843 2014$p31142056213773
=880  1\$6100-01/(3/r$aاصفهانى، محمد بن سبز على،$eauthor.
=880  10$6245-02/(3/r$aوجىزة التحرىر :$bدر چگونگى تنظىم اسناد شرعى ملى و حقوقى در دوره‌ى صفوى و قاجار /$cمحمد بن سبز على اصفهانى ؛ به کوشش رسول جعفرىان.
=880  \\$6250-03/(4/r$aچاپ اول.
=880  \1$6264-04/(3/r$aقم :$bنشر مورخ،$c1393 [2014 or 2015].
=880  1\$6700-05/(3/r$aجعفرىان، رسول،$eeditor.
=994  \\$aC0$bTEF

