=LDR  01739cam a2200409 i 4500
=001  004087046
=003  NNU
=005  20160405023730.0
=008  141015s2013\\\\ir\a\\\\\\\\\\000\0\per\\
=010  \\$a  2014310329
=040  \\$aDLC$beng$erda$cDLC$dTEF
=066  \\$c(3$c(4
=020  \\$a9786005759297
=020  \\$a6005759299
=035  \\$a(OCoLC)934627700
=037  \\$aLibrary of Congress -- Islamabad Overseas Office
=042  \\$alcode
=050  \4$aNC1872$b.H396 2013
=049  \\$aZYUU
=245  00$6880-01$aḤatman ʻaks-i dīgarī ham hast  :$bqaṭʻahʹnivīsī barāyi kārt pustāl-i 66 nivīsandah-i mashhūr-i jahān /$cbih kūshish-i Mihrdād Uskūyī ; vīrāstār, Dilnāz Sālārʹbihzādī.
=250  \\$6880-02$aChāp-i avval.
=264  \1$6880-03$aTihrān :$bḤirfah-i Hunarmand,$c1392 [2013].
=300  \\$a156 pages :$billustrations ;$c22 x 23 cm
=336  \\$atext$2rdacontent
=337  \\$aunmediated$2rdamedia
=338  \\$avolume$2rdacarrier
=546  \\$aIn Persian.
=650  \0$aPostcards.
=650  \0$aAuthors$vPhotographs.
=700  1\$aOskouei, Mehrdad,$ecompiler.
=700  1\$6880-04$aSālār Bihzādī, Dilnāz,$eeditor.
=852  0\$aNNU$bBOBST$cMAIN$hNC1872$i.H396 2013$p31142056213658
=880  00$6245-01/(3/r$aحتما عکس ديگرى هم هست :$bقطعه‌نويسى براى کارت پستال ٦٦ نويسنده مشهور جهان /$cبه کوشش مهرداد اسکويى ؛ ويراستار، دلناز سالاربهزادى.
=880  \\$6250-02/(4/r$aچاپ اول.
=880  \1$6264-03/(3/r$aتهران :$bحرفه هنرمند،$c1392 [2013].
=880  1\$6700-04/(3/r$aسالار بهزادى، دلناز.
=994  \\$aC0$bTEF

