=LDR  01684nam a2200397 i 4500
=001  004087062
=003  NNU
=005  20160406104637.0
=008  160406s2014\\\\ir\\\\\\\b\\\\001\0\per\d
=040  \\$aNYU$beng$erda$cTEF
=066  \\$c(3$c(4
=020  \\$a9789647768962$cprint
=020  \\$a9647768966$cprint
=035  \\$a(OCoLC)946038935
=050  \4$aPK6459$b.A735 2014
=049  \\$aZYUU
=100  1\$6880-01$aArdistānī Rustamī, Ḥamīdriz̤ā,$eauthor.
=245  10$6880-02$aRūzgār-i nukhast :$bjustārhāyī pīrāmūn-i dībāchah-ʼi Shāhnāmah /$cḤamīdriz̤ā Ardistānī Rustamī.
=246  1\$iTitle on page [4] of cover:$aPrime time
=250  \\$6880-03$aChāp-i avval.
=264  \1$6880-04$aTihrān :$bShīrāzah,$c1393 [2014 or 2015].
=300  \\$a234 pages ;$c22 cm
=336  \\$atext$btxt$2rdacontent
=337  \\$aunmediated$bn$2rdamedia
=338  \\$avolume$bnc$2rdacarrier
=546  \\$aIn Persian.
=504  \\$aIncludes bibliographical references and indexes.
=600  00$6880-05$aFirdawsī.$tShāhnāmah$xCriticism and interpretation.
=650  \0$aPersian poetry$y747-1500$xHistory and criticism.
=852  0\$aNNU$bBOBST$cMAIN$hPK6459$i.A735 2014$p31142056213807
=880  1\$6100-01/(3/r$aاردستانى رستمى، حمىدرضا،$eauthor.
=880  10$6245-02/(3/r$aروزگار نخست :$bجستارهاىى پىرامون دىباچۀ شاهنامه /$cحمىدرضا اردستانى رستمى.
=880  \\$6250-03/(4/r$aچاپ اول.
=880  \1$6264-04/(3/r$aتهران :$bشىرازه،$c1393 [2014 or 2015].
=880  04$6600-05/(3/r$aفردوسى.$tشاهنامه.
=994  \\$aC0$bTEF

