=LDR  02269cam a2200481 i 4500
=001  004087081
=003  NNU
=005  20160405021314.0
=008  141015s2014\\\\ir\ah\\\\\\\\\000\0cper\\
=010  \\$a  2014310355
=040  \\$aDLC$beng$erda$cDLC$dOCLCO$dTEF
=066  \\$c(3$c(4
=020  \\$a9789649884929
=020  \\$a9649884920
=035  \\$a(OCoLC)893203013
=037  \\$aLibrary of Congress -- Islamabad Overseas Office
=042  \\$alcode
=050  \4$aDS271$b.A238 2014
=049  \\$aZYUU
=100  1\$6880-01$aʻAbdulī Āshtiyānī, Asad Allāh,$eauthor.
=245  10$6880-02$aAsnād-i Sādāt Ḥusaynī Āshtiyānī (Āqā Mīr Kāẓim) /$cnigārish-i, Asad Allāh ʻAbdulī Āshtiyānī.
=250  \\$6880-03$aChāp-i avval.
=264  \1$6880-04$aQum :$bNashr-i Majmaʻ-i Z̲akhāʼir-i Islāmī bā hamkārī-i Muʼassasah-i Tārīkh-i ʻIlm va Farhang,$c2014.
=300  \\$a17, 84 pages :$billustrations, facsimiles ;$c24 cm.
=336  \\$atext$2rdacontent
=337  \\$aunmediated$2rdamedia
=338  \\$avolume$2rdacarrier
=490  1\$6880-05$aMuʻarrifī-i mīrās̲-i makhṭūṭ ;$v209
=546  \\$aIn Persian.
=600  30$aĀshtiyānī family$xHistory$vSources.
=710  2\$6880-06$aMajmaʻ-i Z̲akhāʼir-i Islāmī (Qum, Iran)
=710  2\$6880-07$aMuʼassasah-i Tārīkh-i ʻIlm va Farhang.
=830  \0$6880-08$aMuʻarrifī-i mīrās̲-i makhṭūṭ ;$v209.
=852  0\$aNNU$bBOBST$cMAIN$hDS271$i.A238 2014$p31142056214128
=880  1\$6100-01/(3/r$aعبدلى آشتىانى، اسد الله،$eauthor.
=880  10$6245-02/(3/r$aاسناد سادات حسينى آشتيانى (اقا مير کاظم) /$cنگارش، اسد الله عبدلى آشتيانى.
=880  \\$6250-03/(4/r$aچاپ اول.
=880  \1$6264-04/(3/r$aقم :$bنشر مجمع ذخائر اسلامى با همکارى مؤسسه تاريخ علم و فرهنگ،$c2014.
=880  1\$6490-05/(3/r$aمعرفى ميراث مخطوط ؛$v209
=880  2\$6710-06/(3/r$aمجمع ذخائر اسلامى (قم، اىران)
=880  2\$6710-07/(3/r$aمؤسسه تاريخ علم و فرهنگ.
=880  \0$6830-08/(3/r$aمعرفى مىراث مخطوط ؛$v209.
=994  \\$aC0$bTEF

