=LDR  01440nam a2200373 i 4500
=001  004087092
=003  NNU
=005  20160406014352.0
=008  160406s2014\\\\ir\\\\\\\\\\\\000\0aper\d
=040  \\$aNYU$beng$erda$cTEF
=066  \\$c(3$c(4
=020  \\$a9786001757501$cprint
=020  \\$a600175750X$cprint
=035  \\$a(OCoLC)946045915
=050  \4$aDS318.84.A33$bA3 2014
=049  \\$aZYUU
=100  1\$6880-01$aAfrūgh, ʻImād,$d1957 or 1958-$eauthor.
=245  10$6880-02$aFaryādʹhā-yi khāmūsh :$brūznagāsht-i tanhāyī /$cʻImād Afrūgh.
=250  \\$6880-03$aChāp-i avval.
=264  \1$6880-04$aTihrān :$bShirkat-i Intishārāt-i Sūrah-i Mihr,$c1393 [2014 or 2015].
=300  \\$a589, [7] pages ;$c24 cm
=336  \\$atext$btxt$2rdacontent
=337  \\$aunmediated$bn$2rdamedia
=338  \\$avolume$bnc$2rdacarrier
=546  \\$aIn Persian.
=500  \\$aIncludes index.
=600  10$6880-05$aAfrūgh, ʻImād,$d1957 or 1958-
=852  0\$aNNU$bBOBST$cMAIN$hDS318.84.A33$iA3 2014$p31142056214201
=880  1\$6100-01/(3/r$aافروغ، عماد،$eauthor.
=880  10$6245-02/(3/r$aفرىاد‌هاى خاموش :$bروزنگاشت تنهاىى /$cعماد افروغ.
=880  \\$6250-03/(4/r$aچاپ اول.
=880  \1$6264-04/(3/r$aتهران :$bشرکت انتشارات سوره مهر،$c1393 [2014 or 2015].
=880  14$6600-05/(3/r$aافروغ، عماد.
=994  \\$aC0$bTEF

