=LDR  02041nam a2200409 i 4500
=001  004087117
=003  NNU
=005  20160406023501.0
=008  160406s2014\\\\ir\ab\\\\s\\\\000\0\per\\
=040  \\$aNYU$cTEF
=066  \\$c(3$c(4
=020  \\$a9789643659196$cprint
=020  \\$a9643659194$cprint
=035  \\$a(OCoLC)946049316
=043  \\$aa-ir---
=050  \4$aHA4570.2$b.M37 2014
=049  \\$aZYUU
=110  2\$6880-01$aMarkaz-i Āmār-i Īrān,$eauthor.
=245  10$6880-02$aĪrān dar āyīnah-i āmār 1391 /$cRiyāsat-i Jumhūrī, Muʻāvanat-i Barnāmahʹrīzī va Naẓārat-i Rāhburdī, Markaz-i Āmār-i Īrān.
=250  \\$6880-03$aChāp-i avval.
=264  \1$6880-04$aTihrān :$bRiyāsat-i Jumhūrī, Muʻāvanat-i Barnāmahʹrīzī va Naẓārat-i Rāhburdī, Markaz-i Āmār-i Īrān,$c1393 [2014 or 2015].
=300  \\$a176 pages :$bcolor illustrations, color maps ;$c23 cm
=336  \\$atext$btxt$2rdacontent
=337  \\$aunmediated$bn$2rdamedia
=338  \\$avolume$bnc$2rdacarrier
=546  \\$aIn Persian.
=500  \\$6880-05$a"Shumārah-i 32."
=651  \0$aIran$vStatistics.
=710  1\$6880-06$aIran.$bRiyāsat-i Jumhūrī.$bMuʻāvanat-i Barnāmahʹrīzī va Naẓārat-i Rāhburdī.
=852  0\$aNNU$bBOBST$cMAIN$hHA4570.2$i.M37 2014$p31142056214458
=880  2\$6110-01/(3/r$aمرکز آمار ايران,$eauthor.
=880  10$6245-02/(3/r$aايران در آىىنه آمار 1391 /$cرىاست جمهورى، معاونت برنامه‌رىزى و نظارت راهبردى، مرکز آمار ايران.
=880  \\$6250-03/(4/r$aچاپ اول.
=880  \1$6264-04/(3/r$aتهران :$bرىاست جمهورى، معاونت برنامه‌رىزى و نظارت راهبردى، مرکز آمار ايران،$c1393 [2014 or 2015].
=880  \\$6500-05/(3/r$a"شماره 32."
=880  1\$6710-06/(3/r$aايران.$bرىاست جمهورى.$bمعاونت برنامه‌رىزى و نظارت راهبردى.
=994  \\$aC0$bTEF

